%%%%%%Copied from JGR paper%%%%%%
@Article{Hoose2008,
AUTHOR = {Hoose, C. and Lohmann, U. and Bennartz, R. and Croft, B. and Lesins, G.},
TITLE = {Global simulations of aerosol processing in clouds},
JOURNAL = {Atmospheric Chemistry and Physics},
VOLUME = {8},
YEAR = {2008},
NUMBER = {23},
PAGES = {6939--6963},
DOI = {10.5194/acp-8-6939-2008}
}

@article{Hoppel1986,
  title={Effect of nonprecipitating clouds on the aerosol size distribution in the marine boundary layer},
  author={Hoppel, WA and Frick, GM and Larson, RE},
  journal={Geophysical Research Letters},
  volume={13},
  number={2},
  pages={125--128},
  year={1986},
  publisher={Wiley Online Library},
  doi ={https://doi.org/10.1029/GL013i002p00125}
}

@article{Pye2020,
  title={The acidity of atmospheric particles and clouds},
  author={Pye, Havala OT and Nenes, Athanasios and Alexander, Becky and Ault, Andrew P and Barth, Mary C and Clegg, Simon L and Collett Jr, Jeffrey L and Fahey, Kathleen M and Hennigan, Christopher J and Herrmann, Hartmut and others},
  journal={Atmospheric Chemistry and Physics},
  volume={20},
  number={8},
  pages={4809--4888},
  year={2020},
  publisher={Copernicus GmbH},
  doi = {https://doi.org/10.5194/acp-20-4809-2020}
}

@article{Hoag1999,
  title={The influence of drop size-dependent fog chemistry on aerosol processing by San Joaquin Valley fogs},
  author={Hoag, Katherine J and Collett Jr, Jeffrey L and Pandis, Spyros N},
  journal={Atmospheric Environment},
  volume={33},
  number={29},
  pages={4817--4832},
  year={1999},
  publisher={Elsevier},
  doi ={https://doi.org/10.1016/S1352-2310(99)00268-X}
}

@article{Stier2005,
  title =	 {The aerosol-climate model {ECHAM5-HAM}},
  author =	 {Stier, P and Feichter, J and Kinne, S and Kloster, S
              and Vignati, E and Wilson, J and Ganzeveld, L and
              Tegen, I and Werner, Martin and Balkanski, Y and
              Petzold, A.},
  journal =	 {Atmospheric Chemistry and Physics},
  volume =	 5,
  number =	 4,
  pages =	 {1125--1156},
  year =	 2005,
  publisher = {Copernicus GmbH},
  doi = {https://doi.org/10.5194/acp-5-1125-2005}
}

@article{Bauer2008,
  title =	 {{MATRIX} ({Multiconfiguration Aerosol TRacker of
                  mIXing state}): an aerosol microphysical module for
                  global atmospheric models},
  author =	 {Bauer, SE and Wright, DL and Koch, D and Lewis, ER
                  and McGraw, R and Chang, L-S and Schwartz, SE and
                  Ruedy, R},
  journal =	 {Atmospheric Chemistry and Physics},
  volume =	 8,
  number =	 20,
  pages =	 {6003--6035},
  year =	 2008,
  publisher =	 {Copernicus GmbH},
  doi = {https://doi.org/10.5194/acp-8-6003-2008}
}

@article{Jacobson2001,
  title =	 {Strong radiative heating due to the mixing state of
                  black carbon in atmospheric aerosols},
  author =	 {Jacobson, Mark Z},
  journal =	 {Nature},
  volume =	 409,
  number =	 6821,
  pages =	 {695--697},
  year =	 2001,
  publisher =	 {Nature Publishing Group},
  doi ={https://doi.org/10.1038/35055518}
}


@article{Riemer2003,
  title={Modeling aerosols on the mesoscale-$\gamma$: Treatment of soot aerosol and its radiative effects},
  author={Riemer, N and Vogel, H and Vogel, B and Fiedler, F},
  journal={Journal of Geophysical Research: Atmospheres},
  volume={108},
  number={D19},
  year={2003},
  publisher={Wiley Online Library},
  doi = {https://doi.org/10.1029/2003JD003448}
}

@article{Hegg1990,
  title={The effects of microphysical parameterization on model predictions of sulfate production in clouds},
  author={Hegg, Dean A and Larson, Timothy V},
  journal={Tellus B},
  volume={42},
  number={3},
  pages={272--284},
  year={1990},
  publisher={Wiley Online Library},
  doi = {https://doi.org/10.3402/tellusb.v42i3.15220}
  
}

@article{Ching2019,
  title = {Aerosol Mixing State Revealed by Transmission Electron Microscopy Pertaining to Cloud Formation and Human Airway Deposition},
  author = {Ching, Joseph and Adachi, Kouji and Zaizen, Yuji and Igarashi, Yasuhito and Kajino, Mizuo},
  year = {2019},
  volume = {2},
  pages = {22},
  issn = {2397-3722},
  journal = {npj Clim Atmos Sci},
  language = {en},
  number = {1},
  doi = {https://doi.org/10.1038/s41612-019-0081-9}
}

@article{Zheng2021,
author = {Zheng, Zhonghua and Curtis, Jeffrey H. and Yao, Yu and Gasparik, Jessica T. and Anantharaj, Valentine G. and Zhao, Lei and West, Matthew and Riemer, Nicole},
doi = {https://doi.org/10.1029/2020ea001500},
issn = {2333-5084},
journal = {Earth and Space Science},
number = {2},
title = {{Estimating submicron aerosol mixing state at the global scale with machine learning and earth system modeling}},
volume = {8},
year = {2021}
}

@Article{CHING2017,
  author = {Joseph Ching and Jerome Fast and Matthew West and Nicole Riemer},
  title = {Metrics to quantify the importance of mixing state for {CCN} activity},
  journal = {Atmospheric Chemistry and Physics},
  year = {2017},
  volume = {17},
  pages = {7445-7458},
  doi = {https://doi.org/10.5194/acp-17-7445-2017}
	}

@Article{Ye2018,
  author = {Qing Ye and Peishi Gu and Hugh Z. Li and Ellis S. Robinson and Eric Lipsky and Christos Kaltsonoudis and Alex K.Y. Lee and Joshua S. Apte and Allen L. Robison and Ryan C. Sullivan and Albert A. Presto and Niel M. Donahue},
  title = {Spatial variability of sources and mixing state of atmospheric particles in a metropolitan area},
  journal = {ENVIRON SCI TECHNOL},
  year = {2018},
  volume = {52},
  pages = {6807-6815},
  doi = {https://doi.org/10.1021/acs.est8b01011}
	}

@Article{Healy2014,
  author = {R.M Healy and N. Riemer and J.C. Wenger and M. Murphy and M. West
  and L. Poulain and A. Wiedensohler and I.P. O'Connor and E. McGillicuddy and 
  J.R. Sodeau and G.J. Evens},
  title = {Single particle diversity and mixing state measurements},
  journal = {Atmospheric Chemistry and Physics},
  year = {2014},
  volume = {14},
  pages = {6289-6299},
  doi = {https://doi.org/10.5194/acp-14-6289-2014}
	}

@article{Unterstrasser2014,
  title={Optimisation of simulation particle number in a Lagrangian ice microphysical model},
  author={Unterstrasser, Simon and S{\"o}lch, Ingo},
  journal={Geoscientific Model Development},
  volume={7},
  pages={695--709},
  year={2014},
  publisher={Copernicus Publications},
  doi ={https://doi.org/10.5194/gmd-7-695-2014}
  
}

@article{Grabowski2019,
  title={Modeling of cloud microphysics: Can we do better?},
  author={Grabowski, Wojciech W and Morrison, Hugh and Shima, Shin-Ichiro and Abade, Gustavo C and Dziekan, Piotr and Pawlowska, Hanna},
  journal={Bulletin of the American Meteorological Society},
  volume={100},
  number={4},
  pages={655--672},
  year={2019},
  doi = {https://doi.org/10.1175/BAMS-D-18-0005.1}
}

@article{Soelch2010,
  title={A large-eddy model for cirrus clouds with explicit aerosol and ice microphysics and Lagrangian ice particle tracking},
  author={S{\"o}lch, Ingo and K{\"a}rcher, Bernd},
  journal={Quarterly Journal of the Royal Meteorological Society},
  volume={136},
  number={653},
  pages={2074--2093},
  year={2010},
  publisher={Wiley Online Library},
  doi = {https://doi.org/10.1002/qj.689}
}

@article{Jaruga2018,
  title = {libcloudph++2.0: aqueoous-phase chemistry extension of the particle-based cloud microphysics scheme},
  author = {A. Jaruga and H. Pawlowska},
  year = {2018},
  volume = {11},
  pages = {3623--3645},
  doi = {https://doi.org/10.5194/gmd-11-3623-2018},
  journal = {Geoscientific Model Development}
}

@article{Winkler1973,
  title = {The Growth of Atmospheric Aerosol Particles as a Function of the Relative Humidity\textemdash{{II}}. {{An}} Improved Concept of Mixed Nuclei},
  author = {Winkler, Peter},
  year = {1973},
  volume = {4},
  pages = {373--387},
  issn = {0021-8502},
  doi = {https://doi.org/10.1016/0021-8502(73)90027-X},
  journal = {JOURNAL OF AEROSOL SCIENCE},
  language = {en},
  number = {5}
}

@article{Knopf2018,
  title = {The {{role}} of {{organic aerosol}} in {{atmospheric ice nucleation}}: {{A review}}},
  author = {Knopf, Daniel A. and Alpert, Peter A. and Wang, Bingbing},
  year = {2018},
  volume = {2},
  pages = {168--202},
  publisher = {{American Chemical Society}},
  doi = {https://doi.org/10.1021/acsearthspacechem.7b00120},
  journal = {ACS Earth Space Chem.},
  number = {3}
}

@article{Lesins2002,
  title = {A Study of Internal and External Mixing Scenarios and Its Effect on Aerosol Optical Properties and Direct Radiative Forcing},
  shorttitle = {A Study of Internal and External Mixing Scenarios and Its Effect on Aerosol Optical Properties and Direct Radiative Forcing},
  author = {Lesins, Glen and Chylek, Petr and Lohmann, Ulrike},
  year = {2002},
  volume = {107},
  pages = {AAC 5-1-AAC 5-12},
  issn = {01480227},
  doi = {https://doi.org/10.1029/2001JD000973},
  journal = {Journal of Geophysical Research: Atmospheres},
  language = {en},
  number = {D10}
}

@article{Ching2018,
  title = {Aerosol Mixing State Matters for Particles Deposition in Human Respiratory System},
  author = {Ching, Joseph and Kajino, Mizuo},
  year = {2018},
  volume = {8},
  pages = {8864},
  issn = {2045-2322},
  doi = {https://doi.org/10.1038/s41598-018-27156-z},
  journal = {SCIENTIFIC REPORTS},
  language = {en},
  number = {1}
}

@Article{Flossmann1994,
  author = 	 {A.I. Flossmann},
  title = 	 {A 2-{D} spectral model simulation of the scavenging of gaseous and particulate sulfate by warm marine clouds},
  journal =  {ATMOSPHERIC RESEARCH},
  year = 	 {1994},
  volume =	 {32},
  pages =	 {233--248},
  doi = {https://doi.org/10.1016/0169-8095(94)90063-9}
}

@Article{Feingold1996,
  author = 	 {G. Feingold and S. M. Kreidenweis and B. Stevens and W.R. Cotton},
  title = 	 {Numerical simulations of stratocumulus processing of
                  cloud condensation nuclei through collision
                  coalescence},
  journal = 	 {Journal of Geophysical Research: Atmospheres},
  year = 	 {1996},
  volume =	 {101},
  pages =	 {21391--21402},
  doi = {https://doi.org/10.1016/0169-8095(94)90063-9}
}

@Article{Kreidenweis2003,
  author = 	 {S.M. Kreidenweis and C.J. Walcek and G. Feingold and
                  W. Gong and M. Jacobson and C.-H. Kim and X. Liu and
                  J.E. Penner and A. Nenes and J.H. Seinfeld},
  title = 	 {Modification of aerosol mass and size distribution due to aqueous phase SO2 oxidation in clouds: Comparisons of several models},
  journal = 	 {Journal of Geophysical Research: Atmospheres},
  year = 	 {2003},
  volume =	 {108},
  pages =	 {8630},
  doi = {https://doi.org/10.1029/2002JD002697}
}

@Article{Cooper1997,
  author = 	 {W.A. Cooper and R.T. Bruintjes and G.K. Mather},
  title = 	 {Calculations pertaining to hygroscopic seeding with flares},
  journal = 	 {Journal of Applied Meteorology },
  year = 	 {1997},
  volume =	 {36},
  pages =	 {1449--1469}
}

@Article{Bott1996,
  author = 	 {A. Bott and T. Trautmann and W. Zdunkowski},
  title = 	 {A numerical model of the cloud-topped planetary boundary layer: {R}adiation, turbulence and spectral microphysics in marine stratus},
  journal = 	 {Quarterly Journal of the Royal Meteorological Society},
  year = 	 {1996},
  volume =	 {122},
  pages =	 {635--667},
  doi = {https://doi.org/10.1002/qj.49712253105}
}

@Article{Ovchinnikov2010,
  author = 	 {M. Ovchinnikov and R.C. Easter},
  title = 	 {Modeling aerosol growth by aqueous chemistry in a nonprecipitating cloud},
  journal = 	 {Journal of Geophysical Research: Atmospheres},
  year = 	 {2010},
  volume =	 {115},
  pages =	 {D14210},
  doi = {https://doi.org/10.1029/2009JD012816}
}

@article{Shima2009,
  title={The super-droplet method for the numerical simulation of
                  clouds and precipitation: a particle-based and
                  probabilistic microphysics model coupled with a
                  non-hydrostatic model},
  author={Shima, S. and Kusano, K. and Kawano, A. and Sugiyama, T. and
                  Kawahara, S.},
  journal={Quarterly Journal of the Royal Meteorological Society: A journal of the atmospheric sciences, applied meteorology and physical oceanography},
  volume={135},
  number={642},
  pages={1307--1320},
  year={2009},
  doi ={https://doi.org/10.1002/qj.441}
}

@Article{Andrejczuk2006,
  author = 	 {M. Andrejczuk and W.W. Grabowski and S.P. Malinowski
                  and P.K. Smolarkiewicz},
  title = 	 {Numerical simulation of cloud-clear air interfacial
                  mixing: Effects on cloud microphysics},
  journal = 	 {Journal of the atmospheric sciences},
  year = 	 {2006},
  volume =	 {63},
  pages =	 {3204–3225},
  doi = {https://doi.org/10.1175/1520-0469(2004)061<1726:NSOCAI>2.0.CO;2}
}

@Article{Andrejczuk2008,
  author = 	 {M. Andrejczuk and J.M Reisner and B. Henson and
                  M.K. Dubey and C.A. Jeffry},
  title = 	 {The potential impacts of pollution on a nondrizzling
                  stratus deck: Does aerosol number matter more than
                  type?},
  journal =  {Journal of Geophysical Research: Atmospheres},
  year = 	 {2008},
  volume =	 {113},
  pages =	 {D19204},
  doi = {https://doi.org/10.1029/2007JD009445}
}

@article{Ervens2015,
author = {Ervens, Barbara},
journal = {Chemical Reviews},
number = {10},
pages = {4157--4198},
pmid = {25898144},
title = {{Modeling the processing of aerosol and trace Gases in clouds and fogs}},
volume = {115},
year = {2015},
doi = {https://doi.org/10.1021/cr5005887}
}
@article{Ervens2003,
author = {Ervens, B.},
journal = {Journal of Geophysical Research: Atmospheres},
number = {D14},
pages = {4426},
title = {{CAPRAM 2.4 (MODAC mechanism): An extended and condensed tropospheric aqueous phase mechanism and its application}},
volume = {108},
year = {2003},
doi = {https://doi.org/10.1029/2002JD002202}
}

@book{Seinfeld2006a,
author = {Seinfeld, John H and Pandis, S N},
isbn = {9780471720171},
pages = {628--674},
title = {{ATMOSPHERIC From Air Pollution to Climate Change SECOND EDITION}},
year = {2006},
}

@article{Seinfeld2016,
  title={Improving our fundamental understanding of the role of aerosol- cloud interactions in the climate system},
  author={Seinfeld, John H and Bretherton, Christopher and Carslaw, Kenneth S and Coe, Hugh and DeMott, Paul J and Dunlea, Edward J and Feingold, Graham and Ghan, Steven and Guenther, Alex B and Kahn, Ralph and Wood, Robert},
  journal={Proceedings of the National Academy of Sciences},
  volume={113},
  number={21},
  pages={5781--5790},
  year={2016},
  publisher={Proceedings of the National Academy of Sciences},
  doi = {https://doi.org/10.1073/pnas.1514043113}
}

@article{Fan2016a,
author = {Fan, Jiwen and Wang, Yuan and Rosenfeld, Daniel and Liu, Xiaohong},
journal = {Journal of the Atmospheric Sciences},
number = {11},
pages = {4221--4252},
title = {{Review of Aerosol–Cloud Interactions: Mechanisms, Significance, and Challenges}},
volume = {73},
year = {2016},
doi = {https://doi.org/10.1175/JAS-D-16-0037.1}
}
@article{Bhattu2015,
author = {Bhattu, Deepika and Tripathi, S. N.},
doi = {https://doi.org/10.1002/2014JD021978},
issn = {21562202},
journal = {Journal of Geophysical Research: Atmospheres},
keywords = {10.1002/2014JD021978 and closure,CCN prediction,O:C ratio,hygroscopicity,organics},
number = {2},
pages = {766--783},
title = {{CCN closure study: Effects of aerosol chemical composition andmixing state}},
volume = {120},
year = {2015}
}

@article{Farmer2015,
author = {Farmer, Delphine K. and Cappa, Christopher D. and Kreidenweis, Sonia M.},
journal = {Chemical Reviews},
number = {10},
pages = {4199--4217},
pmid = {25768314},
title = {{Atmospheric Processes and Their Controlling Influence on Cloud Condensation Nuclei Activity}},
volume = {115},
year = {2015},
doi = {https://doi.org/10.1021/cr5006292}
}
@article{Broekhuizen2006,
author = {Broekhuizen, K and Chang, R Y and Leaitch, W R and Li, S and Abbatt, J P D},
journal = {Atmospheric Chemistry and Physics},
pages = {2513--2524},
title = {{Closure between measured and modeled cloud condensation nuclei (CCN) using size-resolved aerosol compositions in downtown Toronto}},
volume = {6},
year = {2006},
doi = {https://doi.org/10.5194/acp-6-2513-2006}
}
@article{Roelofs2009,
author = {Roelofs, G and Kamphuis, V},
pages = {71--80},
title = {{Cloud processing, cloud evaporation and Angstrom exponent}},
volume = {2},
year = {2009},
doi = {https://doi.org/10.5194/acp-9-71-2009},
journal = {Atmospheric Chemistry and Physics}
}

@article{Deguillaume2005,
author = {Deguillaume, Laurent and Leriche, Maud and Desboeufs, Karine and Mailhot, Gilles and George, Christian and Chaumerliac, Nadine},
pages = {3388--3431},
title = {{Transition Metals in Atmospheric Liquid Phases : Sources , Reactivity , and Sensitive Parameters}},
doi = {https://doi.org/10.1021/cr040649c}, 
year = {2005},
journal = {Chemical Reviews}
}

@article{Hoppel1990,
author = {Hoppel, W A and Fitzgerald, J W and Frick, G M and Larson, R E},
journal = {Journal of Geophysical Research: Atmospheres},
pages = {3659--3686},
title = {{Aerosol Size Distributions and Optical Properties Found in the Marine Boundary Layer Over the Atlantic Ocean}},
volume = {95},
year = {1990},
doi = {https://doi.org/10.1029/JD095iD04p03659}
}

@article{Li2011a,
author = {Li, Weijun and Li, Peiren and Sun, Guode and Zhou, Shengzhen and Yuan, Qi and Wang, Wenxing},
journal = {Atmospheric Environment},
number = {15},
pages = {2488--2495},
publisher = {Elsevier Ltd},
title = {{Cloud residues and interstitial aerosols from non-precipitating clouds over an industrial and urban area in northern China}},
volume = {45},
year = {2011},
doi = {https://doi.org/10.1016/j.atmosenv.2011.02.044}
}
@article{Zaveri2005,
author = {Zaveri, Rahul A. and Easter, Richard C. and Wexler, Anthony S.},
journal = {Journal of Geophysical Research: Atmospheres},
number = {2},
pages = {1--23},
title = {{A new method for multicomponent activity coefficients of electrolytes in aqueous atmospheric aerosols}},
volume = {110},
year = {2005},
doi = {http://doi.org/10.1029/2004JD004681}
}
@article{Zaveri1999,
author = {Zaveri, Rahul A.},
journal = {Journal of Geophysical Research: Atmospheres},
number = {D23},
pages = {30387--30415},
title = {{A new lumped structure photochemical mechanism for large-scale applications}},
volume = {104},
year = {1999},
doi = {http://doi.org/10.1029/1999JD900876}
}
@article{Stubenrauch2013,
author ={Stubenrauch, C. J. and Rossow, W. B. and Kinne, S. and Ackerman, S. and Cesana, G. and Chepfer, H. and {Di Girolamo}, L. and Getzewich, B. and Guignard, A. and Heidinger, A. and Maddux, B. C. and Menzel, W. P. and Minnis, P. and Pearl, C. and Platnick, S. and Poulsen, C. and Riedi, J. and Sun-Mack, S. and Walther, A. and Winker, D. and Zeng, S. and Zhao, G.},
journal = {Bulletin of the American Meteorological Society},
number = {7},
pages = {1031--1049},
title = {{Assessment of Global Cloud Datasets from Satellites: Project and Database Initiated by the GEWEX Radiation Panel}},
volume = {94},
year = {2013},
doi = {http://doi.org/10.1175/BAMS-D-12-00117.1}
}
@misc{Twomey1977,
author = {{Twomey, S.}},
title = {{The Influence of Pollution on the Shortwave Albedo of Clouds}},
journal = {Journal of the atmospheric sciences}, 
year = {1977},
volume = {34},
pages = {1149--1152},
number ={7}
}
@article{Fierce2017,
author = {Fierce, Laura and Riemer, Nicole and Bond, Tami C.},
journal = {Bulletin of the American Meteorological Society},
number = {5},
pages = {971--980},
title = {{Toward reduced representation of mixing state for simulating aerosol effects on climate}},
volume = {98},
year = {2017},
doi = {http://doi.org/10.1175/BAMS-D-16-0028.1},}
}

@article{Fierce2020,
author = {Fierce, Laura and Onasch, Timothy B. and Cappa, Christopher D. and Mazzoleni, Claudio and China, Swarup and Bhandari, Janarjan and Davidovits, Paul and {Al Fischer}, D. and Helgestad, Taylor and Lambe, Andrew T. and Sedlacek, Arthur J. and Smith, Geoffrey D. and Wolff, Lindsay},
doi = {http://doi.org/10.1073/pnas.1919723117},
journal = {Proceedings of the National Academy of Sciences},
number = {10},
pages = {5196--5203},
pmid = {32098848},
title = {{Radiative absorption enhancements by black carbon controlled by particle-to-particle heterogeneity in composition}},
volume = {117},
year = {2020}
}

@article{Philip2014,
author = {Philip, Sajeev and Martin, Randall V. and {Van Donkelaar}, Aaron and Lo, Jason Wai Ho and Wang, Yuxuan and Chen, Dan and Zhang, Lin and Kasibhatla, Prasad S. and Wang, Siwen and Zhang, Qiang and Lu, Zifeng and Streets, David G. and Bittman, Shabtai and Macdonald, Douglas J.},
journal = {Environmental Science and Technology},
number = {22},
pages = {13060--13068},
title = {{Global chemical composition of ambient fine particulate matter for exposure assessment}},
volume = {48},
year = {2014},
doi = {http://doi.org/10.1021/es502965b}
}

@article{Albrecht1989,
author = {Albrecht, Bruce a},
journal = {Science},
pages = {1227--1230},
title = {{Aerosols, Cloud Microphysics, and Fractional Cloudiness}},
volume = {245},
year = {1989},
doi = {https://doi.org/10.1126/science.245.4923.1227},
}
@book{Hinds1999,
author = {Hinds, William C.},
pages  = {1-12},
title = {Aerosol technology :properties, behavior, and measurement of airborne particles 2nd},
year = 1999,
publisher={John Wiley \& Sons, Inc.},
}
@article{Riemer2019,
author = {Riemer, N. and Ault, A. P. and West, M. and Craig, R. L. and Curtis, J. H.},
journal = {Reviews of Geophysics},
pages = {187-249},
volume={57},
title = {{Aerosol mixing state: measurements, modeling, and impacts}},
year = {2019},
doi = {https://doi.org/10.1029/2018RG000615}
}
@article{Zaveri2010a,
author = {Zaveri, Rahul A. and Barnard, James C. and Easter, Richard C. and Riemer, Nicole and West, Matthew},
journal = {Journal of Geophysical Research: Atmospheres},
number = {17},
pages = {1--19},
title = {{Particle-resolved simulation of aerosol size, composition, mixing state, and the associated optical and cloud condensation nuclei activation properties in an evolving urban plume}},
volume = {115},
year = {2010},
doi = {https://doi.org/10.1029/2009JD013616}
}

@article{Riemer2009,
author = {Riemer, N. and West, M. and Zaveri, R. A. and Easter, R. C.},
journal = {Journal of Geophysical Research: Atmospheres},
number = {9},
doi = {https://doi.org/10.1029/2008JD011073},
pages = {1--22},
title = {{Simulating the evolution of soot mixing state with a particle-resolved aerosol model}},
volume = {114},
year = {2009}
}

@article{Riemer2010,
author = {Riemer, Nicole and West, Matthew and Zaveri, Rahul and Easter, Richard},
doi = {https://doi.org/10.1016/j.jaerosci.2009.08.009},
journal = {Journal of Aerosol Science},
number = {1},
pages = {143--158},
publisher = {Elsevier},
title = {{Estimating black carbon aging time-scales with a particle-resolved aerosol model}},
volume = {41},
year = {2010}
}
@article{Zaveri2005a,
author = {Zaveri, Rahul A. and Easter, Richard C. and Peters, Leonard K.},
doi = {https://doi.org/10.1029/2004JD005618},
issn = {01480227},
journal = {Journal of Geophysical Research: Atmospheres},
number = {24},
pages = {1--22},
title = {{A computationally efficient Multicomponent Equilibrium Solver for Aerosols (MESA)}},
volume = {110},
year = {2005}
}
@article{Zaveri2008,
author = {Zaveri, Rahul A. and Easter, Richard C. and Fast, Jerome D. and Peters, Leonard K.},
journal = {Journal of Geophysical Research: Atmospheres},
number = {13},
pages = {1--29},
title = {{Model for simulating aerosol interactions and chemistry (MOSAIC)}},
volume = {113},
year = {2008},
doi = {https://doi.org/10.1029/2007JD008782},
}
@article{Riemer2013a,
author = {Riemer, N. and West, M.},
journal = {Atmospheric Chemistry and Physics},
number = {22},
pages = {11423--11439},
title = {{Quantifying aerosol mixing state with entropy and diversity measures}},
volume = {13},
year = {2013},
doi = {https://doi.org/10.5194/acp-13-11423-2013},
}
@article{Ching2016,
author = {Ching, J. and Riemer, N. and West, M.},
doi = {https://doi.org/10.1002/2016JD024851},
journal = {Journal of Geophysical Research: Atmospheres},
keywords = {Aerosol mixing state,Aerosol model,Black carbon,Cloud condensation nuclei,Nucleation scavenging},
pages = {5990--6013},
title = {{Black carbon mixing state impacts on cloud microphysical properties: Effects of aerosol plume and environmental conditions}},
year = {2016}
}
@article{Gao2016,
author = {Gao, Wenhua and Fan, Jiwen and Easter, R.C. and Yang, Qing and Zhao, Chun and Ghan, Steven J.},
journal = {Journal of Advances in Modeling Earth Systems},
pages = {1289--1309},
title = {{Coupling spectral-bin cloud microphysics with the MOSAIC aerosol model in WRF-Chem: Methodology and results for marine stratocumulus clouds}},
volume = {8},
year = {2016}
}
@article{Noble2019,
author = {Noble, Stephen R. and Hudson, James G.},
journal = {Journal of Geophysical Research: Atmospheres},
doi = {https://doi.org/10.1029/2019JD030297},
number = {10},
pages = {5479--5502},
title = {{Effects of continental clouds on surface Aitken and accumulation modes}},
volume = {124},
year = {2019}
}
@article{Hudson2018,
author = {Hudson, James G. and Noble, Stephen and Tabor, Samantha},
journal = {Journal of Geophysical Research: Atmospheres},
doi = {https://doi.org/10.1029/2017JD027865},
keywords = {CCN,clouds,drizzle},
number = {17},
pages = {9635--9651},
title = {{CCN Spectral Shape and Stratus Cloud and Drizzle Microphysics}},
volume = {123},
year = {2018}
}
@article{Fahey2005,
author = {Fahey, K. M. and Pandis, S. N. and Collett, J. L. and Herckes, P.},
doi = {https://doi.org/10.1016/j.atmosenv.2005.04.006},
journal = {Atmospheric Environment},
number = {25},
pages = {4561--4574},
title = {{The influence of size-dependent droplet composition on pollutant processing by fogs}},
volume = {39},
year = {2005}
}
@article{Fahey2017,
author = {Fahey, Kathleen M. and Carlton, Annmarie G. and Pye, Havala O.T. and Baek, Jaemeen and Hutzell, William T. and Stanier, Charles O. and Baker, Kirk R. and {Wyat Appel}, K. and Jaoui, Mohammed and Offenberg, John H.},
doi = {https://doi.org/10.5194/gmd-10-1587-2017},
journal = {Geoscientific Model Development},
number = {4},
pages = {1587--1605},
title = {{A framework for expanding aqueous chemistry in the Community Multiscale Air Quality (CMAQ) model version 5.1}},
volume = {10},
year = {2017}
}
@article{Fahey2001,
author = {Fahey, Kathleen M. and Pandis, Spyros N.},
doi = {https://doi.org/10.1016/S1352-2310(01)00224-2},
issn = {13522310},
journal = {Atmospheric Environment},
number = {26},
pages = {4471--4478},
title = {{Optimizing model performance: Variable size resolution in cloud chemistry modeling}},
volume = {35},
year = {2001}
}
@article{Harris2012,
author = {Harris, E. and Sinha, B. and Hoppe, P. and Crowley, J. N. and Ono, S. and Foley, S.},
doi = {https://doi.org/10.5194/acp-12-407-2012},
journal = {Atmospheric Chemistry and Physics},
number = {1},
pages = {407--424},
title = {{Sulfur isotope fractionation during oxidation of sulfur dioxide: Gas-phase oxidation by OH radicals and aqueous oxidation by H2O2, O3and iron catalysis}},
volume = {12},
year = {2012}
}
@article{Harris2014,
author = {Harris, E. and Sinha, B. and {Van Pinxteren}, D. and Schneider, J. and Poulain, L. and Collett, J. and D'Anna, B. and Fahlbusch, B. and Foley, S. and Fomba, K. W. and George, C. and Gnauk, T. and Henning, S. and Lee, T. and Mertes, S. and Roth, A. and Stratmann, F. and Borrmann, S. and Hoppe, P. and Herrmann, H.},
doi = {https://doi.org/10.5194/acp-14-4219-2014},
journal = {Atmospheric Chemistry and Physics},
number = {8},
pages = {4219--4235},
title = {{In-cloud sulfate addition to single particles resolved with sulfur isotope analysis during HCCT-2010}},
volume = {14},
year = {2014}
}
@article{Harris2013a,
author = {Harris, Eliza and Sinha, B{\"{a}}rbel and Pinxteren, Dominik Van and Tilgner, Andreas and Fomba, Khanneh Wadinga and Schneider, Johannes and Roth, Anja and Gnauk, Thomas and Fahlbusch, Benjamin and Mertes, Stephan and Lee, Taehyoung and Collett, Jeffrey and Foley, Stephen and Borrmann, Stephan and Hoppe, Peter and Herrmann, Hartmut},
doi = {https://doi.org/10.1126/science.1230911},
journal = {Science},
number = {6133},
pages = {727--730},
title = {{Enhanced role of transition metal oxidation of sO2}},
volume = {340},
year = {2013}
}
@article{Henning2014,
author = {Henning, S. and Dieckmann, K. and Ignatius, K. and Sch{\"{a}}fer, M. and Zedler, P. and Harris, E. and Sinha, B. and Van Pinxteren, D. and Mertes, S. and Birmili, W. and Merkel, M. and Wu, Z. and Wiedensohler, A. and Wex, H. and Herrmann, H. and Stratmann, F.},
doi = {https://doi.org/10.5194/acp-14-7859-2014},
issn = {16807324},
journal = {Atmospheric Chemistry and Physics},
number = {15},
pages = {7859--7868},
title = {{Influence of cloud processing on CCN activation behaviour in the Thuringian Forest, Germany during HCCT-2010}},
volume = {14},
year = {2014}
}
@article{Roth2016,
author = {Roth, A. and Schneider, J. and Klimach, T. and Mertes, S. and {Van Pinxteren}, D. and Herrmann, H. and Borrmann, S.},
doi = {https://doi.org/10.5194/acp-16-505-2016},
issn = {16807324},
journal = {Atmospheric Chemistry and Physics},
number = {2},
pages = {505--524},
title = {{Aerosol properties, source identification, and cloud processing in orographic clouds measured by single particle mass spectrometry on a central European mountain site during HCCT-2010}},
volume = {16},
year = {2016}
}
@article{Schell2001,
author = {Schell, Benedikt and Ackermann, Ingmar J. and Hass, Heinz and Binkowski, Francis S. and Ebel, Adolf},
journal = {Journal of Geophysical Research: Atmospheres},
number = {D22},
pages = {28275--28293},
title = {{Modeling the formation of secondary organic aerosol within a comprehensive air quality model system}},
volume = {106},
year = {2001},
doi = {https://doi.org/10.1029/2001JD000384},
}
@Article{Petters2007,
AUTHOR = {Petters, M. D. and Kreidenweis, S. M.},
TITLE = {A single parameter representation of hygroscopic growth and cloud condensation nucleus activity},
JOURNAL = {Atmospheric Chemistry and Physics},
VOLUME = {7},
YEAR = {2007},
NUMBER = {8},
PAGES = {1961--1971},
doi = {https://doi.org/10.5194/acp-7-1961-2007}
}

@article{Barth2003,
author = {Barth, M. C. and Sillman, S. and Hudman, R. and Jacobson, M. Z. and Kim, C. H. and Monod, A. and Liang, J.},
doi = {https://doi.org/10.1029/2002jd002673},
issn = {01480227},
journal = {Journal of Geophysical Research: Atmospheres},
number = {7},
title = {{Summary of the cloud chemistry modeling intercomparison: Photochemical box model simulation}},
volume = {108},
year = {2003}
}

@article{Herrmann1999,
author = {Herrmann, H. and Ervens, B. and Nowacki, P. and Wolke, R. and Zellner, R.},
doi = {https://doi.org/10.1016/S0045-6535(98)00520-7},
issn = {00456535},
journal = {Chemosphere},
number = {6},
pages = {1223--1232},
title = {{A chemical aqueous phase radical mechanism for tropospheric chemistry}},
volume = {38},
year = {1999}
}

@article{Wolke2005,
author = {Wolke, R. and Sehili, A. M. and Simmel, M. and Knoth, O. and Tilgner, A. and Herrmann, H.},
isbn = {1352-2310},
issn = {13522310},
journal = {Atmospheric Environment},
keywords = {Air pollution modeling,Chemical kinetics,Implicit integration schemes,Multiphase chemistry,Sparse linear solver,Stiff ODE solution},
number = {23-24},
pages = {4375--4388},
title = {{SPACCIM: A parcel model with detailed microphysics and complex multiphase chemistry}},
volume = {39},
year = {2005},
doi = {https://doi.org/10.1016/j.atmosenv.2005.02.038}
}

@article{Tilgner2005,
author = {Tilgner, A. and Majdik, Z. and Sehili, A. M. and Simmel, M. and Wolke, R. and Herrmann, H.},
doi = {https://doi.org/10.1016/j.atmosenv.2005.02.028},
issn = {13522310},
journal = {Atmospheric Environment},
keywords = {Aerosol cloud processing,Microphysics,Multiphase chemistry,Spectral model},
number = {23-24},
pages = {4389--4401},
title = {{SPACCIM: Simulations of the multiphase chemistry occurring in the FEBUKO hill cap cloud experiments}},
volume = {39},
year = {2005}
}

@article{Majeed2001,
author = {Majeed, Mohammed A. and Wexler, Anthony S.},
doi = {https://doi.org/10.1016/S1352-2310(00)00442-8},
journal = {Atmospheric Environment},
keywords = {Aerosols,Clouds,Fogs,Microphysics,PM-fine},
number = {9},
pages = {1639--1653},
title = {{Microphysics of aqueous droplets in clouds and fogs as applied to PM-fine modeling}},
volume = {35},
year = {2001}
}

@article{Lance2017,
annote = {An overveiw of previous efforts to study cloud chemistry and the main goals need to resolved for the experiment.},
author = {Lance, Sara and Barth, Mary and Carlton, Annmarie},
issn = {00030007},
journal = {Bulletin of the American Meteorological Society},
number = {7},
pages = {ES163--ES167},
title = {{Multiphase chemistry: Experimental design for coordinated measurement and modeling studies of cloud processing at a mountaintop}},
volume = {98},
year = {2017},
doi = {https://doi.org/10.1175/BAMS-D-17-0015.1}
}
@article{Boris2016,
author = {Boris, A. J. and Lee, T. and Park, T. and Choi, J. and Seo, S. J. and Collett, J. L.},
doi = {https://doi.org/10.5194/acp-16-437-2016},
issn = {16807324},
journal = {Atmospheric Chemistry and Physics},
number = {2},
pages = {437--453},
title = {{Fog composition at Baengnyeong Island in the eastern Yellow Sea: Detecting markers of aqueous atmospheric oxidations}},
volume = {16},
year = {2016}
}
@article{Herckes2015,
author = {Herckes, P. and Marcotte, A. R. and Wang, Y. and Collett, J. L.},
doi = {https://doi.org/10.1016/j.atmosres.2014.01.025},
issn = {01698095},
journal = {Atmospheric Research},
keywords = {Air pollution,Cloud,Fog,San Joaquin Valley,Temporal change},
pages = {20--30},
publisher = {Elsevier B.V.},
title = {{Fog composition in the Central Valley of California over three decades}},
url = {http://dx.doi.org/10.1016/j.atmosres.2014.01.025},
volume = {151},
year = {2015}
}
@article{Herckes2013,
author = {Herckes, Pierre and Valsaraj, Kalliat T. and Collett, Jeffrey L.},
doi = {https://doi.org/10.1016/j.atmosres.2013.06.005},
issn = {01698095},
journal = {Atmospheric Research},
keywords = {Aerosol,Air pollution,Cloud,Fog,Organic carbon},
pages = {434--449},
publisher = {Elsevier B.V.},
title = {{A review of observations of organic matter in fogs and clouds: Origin, processing and fate}},
url = {http://dx.doi.org/10.1016/j.atmosres.2013.06.005},
volume = {132-133},
year = {2013}
}
@article{Shen2012,
author = {Shen, Xinhua and Lee, Taehyoung and Guo, Jia and Wang, Xinfeng and Li, Penghui and Xu, Pengju and Wang, Yan and Ren, Yu and Wang, Wenxing and Wang, Tao and Li, Yi and Carn, Simon A. and Collett, Jeffrey L.},
doi = {https://doi.org/10.1016/j.atmosenv.2012.07.079},
issn = {18732844},
journal = {Atmospheric Environment},
keywords = {Aqueous phase oxidation,China,Cloud chemistry,Clouds,Mt. Tai,Sulfate,Sulfur dioxide},
pages = {502--511},
title = {{Aqueous phase sulfate production in clouds in eastern China}},
volume = {62},
year = {2012}
}
@article{Benedict2012,
author = {Benedict, Katherine B. and Lee, Taehyoung and Collett, Jeffrey L.},
doi = {https://doi.org/10.1016/j.atmosenv.2011.10.029},
issn = {13522310},
journal = {Atmospheric Environment},
keywords = {Chile,Cloud chemistry,Southeast Pacific,Sulfur oxidation},
pages = {104--114},
publisher = {Elsevier Ltd},
title = {{Cloud water composition over the southeastern Pacific Ocean during the VOCALS regional experiment}},
url = {http://dx.doi.org/10.1016/j.atmosenv.2011.10.029},
volume = {46},
year = {2012}
}
@article{Collett2008,
author = {Collett, Jeffrey and Herckes, Pierre and Youngster, Sarah and Lee, Taehyoung},
doi = {https://doi.org/10.1016/j.atmosres.2007.11.005},
issn = {01698095},
journal = {Atmospheric Research},
keywords = {Aerosol,Air pollution,Fog,Organic carbon,Source marker},
number = {3-4},
pages = {232--241},
title = {{Processing of atmospheric organic matter by California radiation fogs}},
volume = {87},
year = {2008}
}
@article{Straub2007,
author = {Straub, Derek J. and Lee, Taehyoung and Collett, Jeffrey L.},
doi = {https://doi.org/10.1029/2006JD007439},
issn = {01480227},
journal = {Journal of Geophysical Research: Atmospheres},
keywords = {http://dx.doi.org/10.1029/2006JD007439, doi:10.102},
number = {4},
pages = {1--15},
title = {{Chemical composition of marine stratocumulus clouds over the eastern Pacific Ocean}},
volume = {112},
year = {2007}
}
@article{Herckes2007,
author = {Herckes, Pierre and Chang, Hui and Lee, Taehyoung and Collett, Jeffrey L.},
doi = {https://doi.org/10.1007/s11270-006-9276-x},
issn = {00496979},
journal = {Water, Air, and Soil Pollution},
keywords = {Aerosol,Air pollution,Deposition,Fog},
number = {1-4},
pages = {65--75},
title = {{Air pollution processing by radiation fogs}},
volume = {181},
year = {2007}
}
@article{Barth2006,
author = {Barth, Mary C.},
doi = {https://doi.org/10.1016/j.atmosres.2005.10.008},
issn = {01698095},
journal = {Atmospheric Research},
keywords = {Cloud chemistry,Cloud parcel model},
number = {1-2},
pages = {294--309},
title = {{The importance of cloud drop representation on cloud photochemistry}},
volume = {82},
year = {2006}
}
@article{Fahey2005,
author = {Fahey, K. M. and Pandis, S. N. and Collett, J. L. and Herckes, P.},
doi = {https://doi.org/10.1016/j.atmosenv.2005.04.006},
issn = {13522310},
journal = {Atmospheric Environment},
keywords = {Fog chemistry,SO2 oxidation,San Joaquin Valley,Sulfate,VSRM},
number = {25},
pages = {4561--4574},
title = {{The influence of size-dependent droplet composition on pollutant processing by fogs}},
volume = {39},
year = {2005}
}
@article{Herrmann2005,
author = {Herrmann, H. and Wolke, R. and M{\"{u}}ller, K. and Br{\"{u}}ggemann, E. and Gnauk, T. and Barzaghi, P. and Mertes, S. and Lehmann, K. and Massling, A. and Birmili, W. and Wiedensohler, A. and Wieprecht, W. and Acker, K. and Jaeschke, W. and Kramberger, H. and Svrcina, B. and B{\"{a}}chmann, K. and Collett, J. L. and Galgon, D. and Schwirn, K. and Nowak, A. and {Van Pinxteren}, D. and Plewka, A. and Chemnitzer, R. and R{\"{u}}d, C. and Hofmann, D. and Tilgner, A. and Diehl, K. and Heinold, B. and Hinneburg, D. and Knoth, O. and Sehili, A. M. and Simmel, M. and Wurzler, S. and Majdik, Z. and Mauersberger, G. and M{\"{u}}ller, F.},
doi = {https://doi.org/10.1016/j.atmosenv.2005.02.004},
issn = {13522310},
journal = {Atmospheric Environment},
keywords = {Aerosol,Cloud water,Hill cap cloud experiment,Physico-chemical analysis,Trace gases},
number = {23-24},
pages = {4169--4183},
title = {{FEBUKO and MODMEP: Field measurements and modelling of aerosol and cloud multiphase processes}},
volume = {39},
year = {2005}
}
@article{Barth2000,
author = {Barth, M. C. and Rasch, P. J. and Kiehl, J. T. and Benkovitz, C. M. and Schwartz, S. E.},
doi = {https://doi.org/10.1029/1999JD900773},
issn = {01480227},
journal = {Journal of Geophysical Research: Atmospheres},
keywords = {http://dx.doi.org/10.1029/1999JD900773, doi:10.102},
number = {D1},
pages = {1387--1415},
volume = {105},
year = {2000}
}

@article{Bator1997,
author = {Bator, Aaron and Collett, Jeffrey L.},
doi = {https://doi.org/10.1029/97jd02306},
issn = {01480227},
journal = {Journal of Geophysical Research: Atmospheres},
number = {23},
pages = {28071--28078},
title = {{Cloud chemistry varies with drop size}},
volume = {102},
year = {1997}
}

@article{Collett1994,
author = {Collett, Jeffrey and Bator, Aaron and Rao, Xin and Demoz, Belay B.},
doi = {https://doi.org/10.1029/94GL02480},
journal = {Geophysical Research Letters},
number = {22},
pages = {2393--2396},
title = {{Acidity variations across the cloud drop size spectrum and their influence on rates of atmospheric sulfate production}},
volume = {21},
year = {1994}
}

@article{Shao2019,
author = {Shao, J. and Chen, Q. and Wang, Y. and Lu, X. and He, P. and Sun, Y. and Shah, V. and Martin, R. V. and Philip, S. and Song, S. and Zhao, Y. and Xie, Z. and Zhang, L. and Alexander, B.},
title = {Heterogeneous sulfate aerosol formation mechanisms during wintertime Chinese haze events: air quality model assessment using observations of sulfate oxygen isotopes in Beijing},
journal = {Atmospheric Chemistry and Physics},
volume = {19},
year = {2019},
number = {9},
pages = {6107--6123},
doi = {10.5194/acp-19-6107-2019}
}

@article{Fast2019,
author = {Fast, Jerome D. and Berg, Larry K. and Feng, Zhe and Mei, Fan and Newsom, Rob and Sakaguchi, Koichi and Xiao, Heng},
doi = {https://doi.org/10.1029/2019MS001727},
journal = {Journal of Advances in Modeling Earth Systems},
keywords = {LES model,convective clouds,land-atmosphere coupling,soil moisture},
number = {8},
pages = {2629--2654},
title = {{The impact of variable land-atmosphere coupling on convective cloud populations observed during the 2016 HI-SCALE field campaign}},
volume = {11},
year = {2019}
}

@article{Hall1980,
author = {Hall, D. William},
journal = {Journal of the Atmospheric Sciences},
pages = {2486-2507},
title = {{A detailed microphysical model within a two-dimensional dynamic framework: model description and preliminary results}},
volume = {37},
year = {1980},
doi = {https://doi.org/10.1175/1520-0469(1980)037<2486:ADMMWA>2.0.CO;2}
}

@book{Cotton2011,
author = {Cotton, William R. and Bryan, George and Van den Heever, S. C.},
publisher = {Academic press},
pages = {1--11},
title = {{Storm and cloud dynamics}},
year = {2010}
}

@book{JACOBSON2005,
author = {Jacobson, Mark Z.},
pages = {508--522},
isbn = {9780521839709},
publisher = {Cambridge University Press},
title = {{Fundamentals of atmospheric modeling}},
year = {2005}
}

@article{Pierce2015,
author = {Pierce, J. R. and Croft, B. and Kodros, J. K. and D'Andrea, S. D. and Martin, R. V.},
doi = {https://doi.org/10.5194/acp-15-6147-2015},
issn = {16807324},
journal = {Atmospheric Chemistry and Physics},
number = {11},
pages = {6147--6158},
title = {{The importance of interstitial particle scavenging by cloud droplets in shaping the remote aerosol size distribution and global aerosol-climate effects}},
volume = {15},
year = {2015}
}

@article{Smith2014,
author = {Smith, Jeremy D. and Sio, Vicky and Yu, Lu and Zhang, Qi and Anastasio, Cort},
doi = {https://doi.org/10.1021/es4045715},
isbn = {0013-936x},
issn = {0013936X},
journal = {Environmental Science and Technology},
number = {2},
pages = {1049--1057},
pmid = {24364694},
title = {{Secondary organic aerosol production from aqueous reactions of atmospheric phenols with an organic triplet excited state}},
volume = {48},
year = {2014}
}

@article{McNeill2015a,
author = {McNeill, V. Faye},
doi = {https://doi.org/10.1021/es5043707},
isbn = {0013-936X},
issn = {15205851},
journal = {Environmental Science and Technology},
number = {3},
pages = {1237--1244},
pmid = {25609552},
title = {{Aqueous organic chemistry in the atmosphere: Sources and chemical processing of organic aerosols}},
volume = {49},
year = {2015}
}

@article{Lian2019,
author = {Lian, Xiufeng and Ou, Ji and Zhang, Guohua and Li, Mei and Tang, Mingjin and Zhou, Zhen and Fu, Yuzhen and Peng, Ping{\&}apos;an and Sheng, Guoying and Miller, Mark and Yang, Yuxiang and Wang, Xinming and Bi, Xinhui and Peng, Long and Lin, Qinhao and Chen, Duohong},
doi = {https://doi.org/10.5194/acp-19-1195-2019},
journal = {Atmospheric Chemistry and Physics},
number = {2},
pages = {1195--1206},
title = {{In-cloud formation of secondary species in iron-containing particles}},
volume = {19},
year = {2019}
}

@article{Alexander2009,
author = {Alexander, Becky and Park, Rokjin J. and Jacob, Danie J. and Gong, Sunling},
doi = {https://doi.org/10.1029/2008JD010486},
isbn = {0148-0227},
issn = {01480227},
journal = {Journal of Geophysical Research: Atmospheres},
number = {2},
pages = {1--13},
title = {{Transition metal-catalyzed oxidation of atmospheric sulfur: Global implications for the sulfur budget}},
volume = {114},
year = {2009}
}

@article{Nenes2001,
author = {Nenes, Athanasios and Ghan, Steven and Abdul-Razzak, Hayder and Chuang, Patrick Y. and Seinfeld, John H.},
doi = {https://doi.org/10.3402/tellusb.v53i2.16569},
journal = {Tellus B: Chemical and Physical Meteorology},
number = {2},
pages = {133--149},
title = {{Kinetic limitations on cloud droplet formation and impact on cloud albedo}},
volume = {53},
year = {2001}
}

@article{Chuang1997,
author = {Chuang, P. Y. and Charlson, R. J. and Seinfeld, J. H.},
issn = {00280836},
journal = {Nature},
number = {6660},
pages = {594--596},
title = {{Kinetic limitations on droplet formation in clouds}},
volume = {390},
year = {1997},
doi = {https://doi.org/10.1038/37576}
}

@article{Bondy2018,
author = {Bondy, Amy L. and Bonanno, Daniel and Moffet, Ryan C. and Wang, Bingbing and Laskin, Alexander and Ault, Andrew P.},
doi = {https://doi.org/10.5194/acp-18-12595-2018},
issn = {16807324},
journal = {Atmospheric Chemistry and Physics},
number = {16},
pages = {12595--12612},
title = {{The diverse chemical mixing state of aerosol particles in the southeastern United States}},
volume = {18},
year = {2018}
}

@article{Rissler2014,
author = {Rissler, Jenny and Nordin, Erik Z. and Eriksson, Axel C. and Nilsson, Patrik T. and Frosch, Mia and Sporre, Moa K. and Wierzbicka, Aneta and Svenningsson, Birgitta and L{\"{o}}ndahl, Jakob and Messing, Maria E. and Sjogren, Staffan and Hemmingsen, Jette G. and Loft, Steffen and Pagels, Joakim H. and Swietlicki, Erik},
issn = {15205851},
journal = {Environmental Science and Technology},
number = {11},
pages = {6300--6308},
pmid = {24798545},
title = {{Effective density and mixing state of aerosol particles in a near-traffic urban environment}},
volume = {48},
year = {2014},
doi = {https://doi.org/10.1021/es5000353}
}

@article{Hindmarsh2005,
author = {Hindmarsh, Alan C and Brown, Peter N and Grant, Keith E and Lee, Steven L and Serban, Radu and Shumaker, D A N E and Woodward, Carol S},
number = {3},
pages = {363--396},
title = {{SUNDIALS : Suite of Nonlinear and Differential / Algebraic Equation Solvers}},
volume = {31},
journal = {ACM Transactions on Mathematical Software},
year = {2005},
doi = {https://doi.org/10.1145/1089014.1089020}
}

@article{Cohen1996,
author = {Cohen, Scott D and Hindmarsh, Alan C. and Dubois, Paul F.},
number = {2},
title = {{CVODE, A Stiff/Nonstiff ODE Solver in C}},
volume = {10},
journal = {Computers in Physics},
year = {1996},
doi = {https://doi.org/doi: 10.1063/1.4822377}
}

@article{Saliba2020,
author = {Saliba, Georges and Chen, Chia Li and Lewis, Savannah and Russell, Lynn M. and Quinn, Patricia K. and Bates, Timothy S. and Bell, Thomas G. and Lawler, Michael J. and Saltzman, Eric S. and Sanchez, Kevin J. and Moore, Richard and Shook, Michael and Rivellini, Laura Helena and Lee, Alex and Baetge, Nicholas and Carlson, Craig A. and Behrenfeld, Michael J.},
doi = {10.1029/2020JD033145},
journal = {Journal of Geophysical Research: Atmospheres},
keywords = {CCN,NAAMES,organics,sea spray,sulfate},
number = {19},
pages = {1--24},
title = {{Seasonal Differences and Variability of Concentrations, Chemical Composition, and Cloud Condensation Nuclei of Marine Aerosol Over the North Atlantic}},
volume = {125},
year = {2020}
}

@article{Christiansen2020,
author = {Christiansen, Amy E. and Carlton, Annmarie G. and Henderson, Barron H.},
doi = {10.5194/acp-20-11607-2020},
issn = {16807324},
journal = {Atmospheric Chemistry and Physics},
number = {19},
pages = {11607--11624},
title = {{Differences in fine particle chemical composition on clear and cloudy days}},
volume = {20},
year = {2020}
}

@article{Mayol-Bracero2002,
author = {Mayol-Bracero, O. L. and Gabriel, R. and Andreae, M. O. and Kirchstetter, T. W. and Novakov, T. and Ogren, J. and Sheridan, P. and Streets, D. G.},
doi = {10.1029/2000JD000039},
journal = {Journal of Geophysical Research: Atmospheres},
number = {19},
title = {{Carbonaceous aerosols over the Indian Ocean during the Indian Ocean Experiment (INDOEX): Chemical characterization, optical properties, and probable sources}},
volume = {107},
year = {2002}
}
%%%%%Copied from ACP paper%%%%%%%
@article{Enekwizu2020,
author = {Enekwizu, Ogochukwu and Singh, Divjyot and Khalizov, Alexei},
doi = {10.1016/j.jaerosci.2020.105583},
issn = {18791964},
journal = {Journal of Aerosol Science},
keywords = {Discrete dipole approximation,Mixing state,Optical properties,Soot},
number = {May},
pages = {105583},
publisher = {Elsevier Ltd},
title = {{Absorption and scattering of light by soot aggregates with uniform and pendular ring coatings}},
url = {https://doi.org/10.1016/j.jaerosci.2020.105583},
volume = {147},
year = {2020}
}
@article{Majdi2020,
author = {Majdi, Marwa and Kim, Youngseob and Turquety, Solene and Sartelet, Karine},
doi = {10.1016/j.atmosenv.2019.117042},
file = {:Users/yuyao3/Documents/Mendeley Desktop/Majdi et al. - 2020 - Impact of mixing state on aerosol optical properties during severe wildfires over the Euro-Mediterranean region.pdf:pdf},
issn = {18732844},
journal = {Atmospheric Environment},
keywords = {Aerosol optical properties,Black carbon,Core-shell,Hydrophilic,Hydrophobic,Mixing state},
number = {April 2019},
pages = {117042},
publisher = {Elsevier Ltd},
title = {{Impact of mixing state on aerosol optical properties during severe wildfires over the Euro-Mediterranean region}},
url = {https://doi.org/10.1016/j.atmosenv.2019.117042},
volume = {220},
year = {2020}
}
@article{Curci2019,
author = {Wu, Yu and Cheng, Tianhai and Liu, Dantong and Allan, James D. and Zheng, Lijuan and Chen, Hao},
doi = {10.1021/acs.est.8b00636},
file = {:Users/yuyao3/Documents/Mendeley Desktop/Wu et al. - 2018 - Light Absorption Enhancement of Black Carbon Aerosol Constrained by Particle Morphology.pdf:pdf},
issn = {15205851},
journal = {Environmental Science and Technology},
number = {12},
pages = {6912--6919},
pmid = {29783837},
title = {{Light Absorption Enhancement of Black Carbon Aerosol Constrained by Particle Morphology}},
volume = {52},
year = {2018}
}
@article{Wu2016,
author = {Wu, Yu and Cheng, Tianhai and Zheng, Lijuan and Chen, Hao},
doi = {10.1038/srep38592},
file = {:Users/yuyao3/Documents/Mendeley Desktop/Wu et al. - 2016 - Black carbon radiative forcing at TOA decreased during aging.pdf:pdf},
issn = {20452322},
journal = {Scientific Reports},
number = {September},
pages = {1--10},
title = {{Black carbon radiative forcing at TOA decreased during aging}},
volume = {6},
year = {2016}
}
@article{Curci2015,
author = {Curci, G. and Hogrefe, C. and Bianconi, R. and Im, U. and Balzarini, A. and Bar{\'{o}}, R. and Brunner, D. and Forkel, R. and Giordano, L. and Hirtl, M. and Honzak, L. and Jim{\'{e}}nez-Guerrero, P. and Knote, C. and Langer, M. and Makar, P. A. and Pirovano, G. and P{\'{e}}rez, J. L. and {San Jos{\'{e}}}, R. and Syrakov, D. and Tuccella, P. and Werhahn, J. and Wolke, R. and {\v{Z}}abkar, R. and Zhang, J. and Galmarini, S.},
doi = {10.1016/j.atmosenv.2014.09.009},
file = {:Users/yuyao3/Documents/Mendeley Desktop/Curci et al. - 2015 - Uncertainties of simulated aerosol optical properties induced by assumptions on aerosol physical and chemical prop.pdf:pdf},
issn = {18732844},
journal = {Atmospheric Environment},
keywords = {Aerosol,Mixing state,Optical depth,Optical properties,Radiative forcing},
pages = {541--552},
title = {{Uncertainties of simulated aerosol optical properties induced by assumptions on aerosol physical and chemical properties: An AQMEII-2 perspective}},
volume = {115},
year = {2015}
}
@article{Esteve2014,
author = {Esteve, A. R. and Highwood, E. J. and Morgan, W. T. and Allen, G. and Coe, H. and Grainger, R. G. and Brown, P. and Szpek, K.},
doi = {10.1016/j.atmosenv.2014.02.063},
file = {:Users/yuyao3/Documents/Mendeley Desktop/Esteve et al. - 2014 - A study on the sensitivities of simulated aerosol optical properties to composition and size distribution using a.pdf:pdf},
issn = {18732844},
journal = {Atmospheric Environment},
keywords = {Aerosol composition,Aerosol modelling,Aircraft measurements,Anthropogenic aerosols,Hygroscopicity,Optical properties},
pages = {517--524},
publisher = {Elsevier Ltd},
title = {{A study on the sensitivities of simulated aerosol optical properties to composition and size distribution using airborne measurements}},
url = {http://dx.doi.org/10.1016/j.atmosenv.2014.02.063},
volume = {89},
year = {2014}
}

@article{Cappa2012,
author = {Cappa, Christopher D. and Onasch, Timothy B. and Massoli, Paola and Worsnop, Douglas R. and Bates, Timothy S. and Cross, Eben S. and Davidovits, Paul and Hakala, Jani and Hayden, Katherine L. and Jobson, B. Tom and Kolesar, Katheryn R. and Lack, Daniel A. and Lerner, Brian M. and Li, Shao Meng and Mellon, Daniel and Nuaaman, Ibraheem and Olfert, Jason S. and Pet{\"{a}}j{\"{a}}, Tuukka and Quinn, Patricia K. and Song, Chen and Subramanian, R. and Williams, Eric J. and Zaveri, Rahul A.},
doi = {10.1126/science.1223447},
file = {:Users/yuyao3/Documents/Mendeley Desktop/Cappa et al. - 2012 - Radiative absorption enhancements due to the mixing state of atmospheric black carbon.pdf:pdf},
issn = {10959203},
journal = {Science},
number = {6098},
pages = {1078--1081},
title = {{Radiative absorption enhancements due to the mixing state of atmospheric black carbon}},
volume = {337},
year = {2012}
}

@article{Bond2006,
author = {Bond, Tami C. and Habib, Gazala and Bergstrom, Robert W.},
doi = {10.1029/2006JD007315},
file = {:Users/yuyao3/Documents/Mendeley Desktop/Bond, Habib, Bergstrom - 2006 - Limitations in the enhancement of visible light absorption due to mixing state.pdf:pdf},
issn = {01480227},
journal = {Journal of Geophysical Research Atmospheres},
number = {20},
pages = {1--13},
title = {{Limitations in the enhancement of visible light absorption due to mixing state}},
volume = {111},
year = {2006}
}
@article{Bond2006a,
author = {Bond, Tami C. and Bergstrom, Robert W.},
doi = {10.1080/02786820500421521},
file = {:Users/yuyao3/Documents/Mendeley Desktop/Bond, Bergstrom - 2006 - Light absorption by carbonaceous particles An investigative review.pdf:pdf},
issn = {02786826},
journal = {Aerosol Science and Technology},
number = {1},
pages = {27--67},
title = {{Light absorption by carbonaceous particles: An investigative review}},
volume = {40},
year = {2006}
}

@article{Levy2007,
author = {Levy, Robert C. and Remer, Lorraine A. and Dubovik, Oleg},
doi = {10.1029/2006JD007815},
file = {:Users/yuyao3/Documents/Mendeley Desktop/Levy, Remer, Dubovik - 2007 - Global aerosol optical properties and application to Moderate Resolution Imaging Spectroradiometer aerosol.pdf:pdf},
issn = {01480227},
journal = {Journal of Geophysical Research Atmospheres},
number = {13},
title = {{Global aerosol optical properties and application to Moderate Resolution Imaging Spectroradiometer aerosol retrieval over land}},
volume = {112},
year = {2007}
}

@article{Liu2017,
author = {Liu, Dantong and Whitehead, James and Alfarra, M. Rami and Reyes-Villegas, Ernesto and Spracklen, Dominick V. and Reddington, Carly L. and Kong, Shaofei and Williams, Paul I. and Ting, Yu Chieh and Haslett, Sophie and Taylor, Jonathan W. and Flynn, Michael J. and Morgan, William T. and McFiggans, Gordon and Coe, Hugh and Allan, James D.},
doi = {10.1038/ngeo2901},
file = {:Users/yuyao3/Documents/Mendeley Desktop/Liu et al. - 2017 - Black-carbon absorption enhancement in the atmosphere determined by particle mixing state.pdf:pdf},
issn = {17520908},
journal = {Nature Geoscience},
number = {3},
pages = {184--188},
title = {{Black-carbon absorption enhancement in the atmosphere determined by particle mixing state}},
volume = {10},
year = {2017}
}
@article{Fierce2016,
author = {Fierce, Laura and Bond, Tami C. and Bauer, Susanne E. and Mena, Francisco and Riemer, Nicole},
doi = {10.1038/ncomms12361},
file = {:Users/yuyao3/Documents/Mendeley Desktop/Fierce et al. - 2016 - Black carbon absorption at the global scale is affected by particle-scale diversity in composition.pdf:pdf},
issn = {20411723},
journal = {Nature Communications},
pages = {1--8},
publisher = {Nature Publishing Group},
title = {{Black carbon absorption at the global scale is affected by particle-scale diversity in composition}},
volume = {7},
year = {2016}
}

@book{Petty2006,
author = {Petty, G. W.},
booktitle = {A first course in atmospheric radiation},
issn = {0009-4978},
title = {{A first course in atmospheric radiation}},
volume = {44},
year = {2006},
Publisher = {Sundog Pub}
}
@book{K.N.,
author = {K.N., LIOU},
file = {:Users/yuyao3/Documents/Mendeley Desktop/K.N. - Unknown - An introduction to atmospheric radiation.pdf:pdf},
isbn = {0124514510},
title = {{An introduction to atmospheric radiation}}
}

@article{bellouin2005global,
	title={Global estimate of aerosol direct radiative forcing from satellite measurements},
	author={Bellouin, Nicolas and Boucher, Olivier and Haywood, Jim and Reddy, M Shekar},
	journal={Nature},
	volume={438},
	number={7071},
	pages={1138--1141},
	year={2005},
	publisher={Nature Publishing Group}
}

@article{gustafsson2016convergence,
	title={Convergence on climate warming by black carbon aerosols},
	author={Gustafsson, {\"O}rjan and Ramanathan, Veerabhadran},
	journal={Proceedings of the National Academy of Sciences},
	volume={113},
	number={16},
	pages={4243--4245},
	year={2016},
	publisher={National Acad Sciences}
}

@article{Liu2013,
	author = {Liu, D. and Allan, J. and Whitehead, J. and Young, D. and Flynn, M. and Coe, H. and McFiggans, G. and Fleming, Z. L. and Bandy, B.},
	doi = {10.5194/acp-13-2015-2013},
	file = {:Users/yuyao3/Documents/Mendeley Desktop/Liu et al. - 2013 - Ambient black carbon particle hygroscopic properties controlled by mixing state and composition.pdf:pdf},
	issn = {16807324},
	journal = {Atmospheric Chemistry and Physics},
	number = {4},
	pages = {2015--2029},
	title = {{Ambient black carbon particle hygroscopic properties controlled by mixing state and composition}},
	volume = {13},
	year = {2013}
}

@article{Moffet2009,
	author = {Moffet, Ryan C. and Prather, Kimberly A.},
	doi = {10.1073/pnas.0900040106},
	file = {:Users/yuyao3/Documents/Mendeley Desktop/Moffet, Prather - 2009 - In-situ measurements of the mixing state and optical properties of soot with implications for radiative forcing.pdf:pdf},
	isbn = {0900040106},
	issn = {00278424},
	journal = {Proceedings of the National Academy of Sciences of the United States of America},
	keywords = {Aerosol,Atmosphere,Climate,Composition},
	number = {29},
	pages = {11872--11877},
	title = {{In-situ measurements of the mixing state and optical properties of soot with implications for radiative forcing estimates}},
	volume = {106},
	year = {2009}
}

@article{Binkowski2007,
author = {Binkowski, Francis S. and Arunachalam, Saravanan and Adelman, Zachariah and Pinto, Joseph P.},
doi = {10.1175/JAM2531.1},
issn = {15588424},
journal = {Journal of Applied Meteorology and Climatology},
number = {8},
pages = {1252--1256},
title = {{Examining photolysis rates with a prototype online photolysis module in CMAQ}},
volume = {46},
year = {2007}
}
@article{Appel2017,
author = {Appel, K. Wyat and Napelenok, Sergey L. and Foley, Kristen M. and Pye, Havala O.T. and Hogrefe, Christian and Luecken, Deborah J. and Bash, Jesse O. and Roselle, Shawn J. and Pleim, Jonathan E. and Foroutan, Hosein and Hutzell, William T. and Pouliot, George A. and Sarwar, Golam and Fahey, Kathleen M. and Gantt, Brett and Gilliam, Robert C. and Heath, Nicholas K. and Kang, Daiwen and Mathur, Rohit and Schwede, Donna B. and Spero, Tanya L. and Wong, David C. and Young, Jeffrey O.},
doi = {10.5194/gmd-10-1703-2017},
isbn = {1017032017},
issn = {19919603},
journal = {Geoscientific Model Development},
number = {4},
pages = {1703--1732},
title = {{Description and evaluation of the Community Multiscale Air Quality (CMAQ) modeling system version 5.1}},
volume = {10},
year = {2017}
}
@article{Liu2012,
author = {Liu, X. and Easter, R. C. and Ghan, S. J. and Zaveri, R. and Rasch, P. and Shi, X. and Lamarque, J. F. and Gettelman, A. and Morrison, H. and Vitt, F. and Conley, A. and Park, S. and Neale, R. and Hannay, C. and Ekman, A. M.L. and Hess, P. and Mahowald, N. and Collins, W. and Iacono, M. J. and Bretherton, C. S. and Flanner, M. G. and Mitchell, D.},
doi = {10.5194/gmd-5-709-2012},
file = {:Users/yuyao3/Documents/Mendeley Desktop/Liu et al. - 2012 - Model Development Toward a minimal representation of aerosols in climate models description and evaluation in the C.pdf:pdf},
issn = {1991959X},
journal = {Geoscientific Model Development},
number = {3},
pages = {709--739},
title = {{Toward a minimal representation of aerosols in climate models: Description and evaluation in the Community Atmosphere Model CAM5}},
volume = {5},
year = {2012}
}
@article{mitchell1971effect,
  title={The effect of atmospheric aerosols on climate with special reference to temperature near the earth's surface},
  author={Mitchell Jr, J Murray},
  journal={Journal of Applied Meteorology and Climatology},
  volume={10},
  number={4},
  pages={703--714},
  year={1971}
}
@article{bond2013bounding,
  title={Bounding the role of black carbon in the climate system: A scientific assessment},
  author={Bond, Tami C and Doherty, Sarah J and Fahey, David W and Forster, Piers M and Berntsen, Terje and DeAngelo, Benjamin J and Flanner, Mark G and Ghan, Steven and K{\"a}rcher, Bernd and Koch, Dorothy and others},
  journal={Journal of geophysical research: Atmospheres},
  volume={118},
  number={11},
  pages={5380--5552},
  year={2013},
  publisher={Wiley Online Library}
}
@article{charlson1992climate,
  title={Climate forcing by anthropogenic aerosols},
  author={Charlson, Robert J and Schwartz, SE and Hales, JM and Cess, Ro D and Coakley, Jr JA and Hansen, JE and Hofmann, DJ},
  journal={Science},
  volume={255},
  number={5043},
  pages={423--430},
  year={1992},
  publisher={American Association for the Advancement of Science}
}

@article{ma2012aerosol,
  title={Aerosol direct radiative forcing based on GEOS-Chem-APM and uncertainties},
  author={Ma, X and Yu, F and Luo, G},
  journal={Atmospheric Chemistry and Physics},
  volume={12},
  number={12},
  pages={5563--5581},
  year={2012},
  publisher={Copernicus GmbH}
}

@article{kodros2018size,
  title={Size-resolved mixing state of black carbon in the Canadian high Arctic and implications for simulated direct radiative effect},
  author={Kodros, John K and Hanna, Sarah J and Bertram, Allan K and Leaitch, W Richard and Schulz, Hannes and Herber, Andreas B and Zanatta, Marco and Burkart, Julia and Willis, Megan D and Abbatt, Jonathan PD and others},
  journal={Atmospheric Chemistry and Physics},
  volume={18},
  number={15},
  pages={11345--11361},
  year={2018},
  publisher={Copernicus GmbH}
}

@article{ching2012impacts,
  title={Impacts of black carbon mixing state on black carbon nucleation scavenging: Insights from a particle-resolved model},
  author={Ching, J and Riemer, N and West, M},
  journal={Journal of Geophysical Research: Atmospheres},
  volume={117},
  number={D23},
  year={2012},
  publisher={Wiley Online Library}
}

@article{curtis2016accelerated,
  title={Accelerated simulation of stochastic particle removal processes in particle-resolved aerosol models},
  author={Curtis, JH and Michelotti, MD and Riemer, Nicole and Heath, MT and West, Matthew},
  journal={Journal of Computational Physics},
  volume={322},
  pages={21--32},
  year={2016},
  publisher={Elsevier}
}

@article{tian2014modeling,
  title={Modeling the evolution of aerosol particles in a ship plume using PartMC-MOSAIC},
  author={Tian, J and Riemer, N and West, M and Pfaffenberger, L and Schlager, H and Petzold, A},
  journal={Atmospheric chemistry and physics},
  volume={14},
  number={11},
  pages={5327--5347},
  year={2014},
  publisher={Copernicus GmbH}
}

@article{zheng2021estimating,
  title={Estimating submicron aerosol mixing state at the global scale with machine learning and Earth system modeling},
  author={Zheng, Zhonghua and Curtis, Jeffrey H and Yao, Yu and Gasparik, Jessica T and Anantharaj, Valentine G and Zhao, Lei and West, Matthew and Riemer, Nicole},
  journal={Earth and Space Science},
  volume={8},
  number={2},
  pages={e2020EA001500},
  year={2021},
  publisher={Wiley Online Library}
}

@article{hughes2018machine,
  title={Machine learning to predict the global distribution of aerosol mixing state metrics},
  author={Hughes, Michael and Kodros, John K and Pierce, Jeffrey R and West, Matthew and Riemer, Nicole},
  journal={Atmosphere},
  volume={9},
  number={1},
  pages={15},
  year={2018},
  publisher={Multidisciplinary Digital Publishing Institute}
}

@article{mckay2000comparison,
  title={A comparison of three methods for selecting values of input variables in the analysis of output from a computer code},
  author={McKay, Michael D and Beckman, Richard J and Conover, William J},
  journal={Technometrics},
  volume={42},
  number={1},
  pages={55--61},
  year={2000},
  publisher={Taylor \& Francis Group}
}

@article{mcconnell2010using,
  title={Using aircraft measurements to determine the refractive index of Saharan dust during the DODO Experiments},
  author={McConnell, CL and Formenti, Paola and Highwood, EJ and Harrison, MAJ},
  journal={Atmospheric Chemistry and Physics},
  volume={10},
  number={6},
  pages={3081--3098},
  year={2010},
  publisher={Copernicus GmbH}
}

@article{kinne2006aerocom,
  title={An AeroCom initial assessment--optical properties in aerosol component modules of global models},
  author={Kinne, Stefan and Schulz, Michael and Textor, C and Guibert, S and Balkanski, Yves and Bauer, Susanne E and Berntsen, T and Berglen, TF and Boucher, Olivier and Chin, M and others},
  journal={Atmospheric Chemistry and Physics},
  volume={6},
  number={7},
  pages={1815--1834},
  year={2006},
  publisher={Copernicus GmbH}
}

@article{wu2020light,
  title={Light absorption of black carbon aerosols strongly influenced by particle morphology distribution},
  author={Wu, Yu and Cheng, Tianhai and Zheng, Lijuan},
  journal={Environmental Research Letters},
  volume={15},
  number={9},
  pages={094051},
  year={2020},
  publisher={IOP Publishing}
}

@article{cappa2019light,
  title={Light absorption by ambient black and brown carbon and its dependence on black carbon coating state for two California, USA, cities in winter and summer},
  author={Cappa, Christopher D and Zhang, Xiaolu and Russell, Lynn M and Collier, Sonya and Lee, Alex KY and Chen, Chia-Li and Betha, Raghu and Chen, Sijie and Liu, Jun and Price, Derek J and others},
  journal={Journal of Geophysical Research: Atmospheres},
  volume={124},
  number={3},
  pages={1550--1577},
  year={2019},
  publisher={Wiley Online Library}
}

@article{corbin2018brown,
  title={Brown and black carbon emitted by a marine engine operated on heavy fuel oil and distillate fuels: Optical properties, size distributions, and emission factors},
  author={Corbin, Joel C and Pieber, Simone M and Czech, Hendryk and Zanatta, Marco and Jakobi, Gert and Massab{\`o}, Dario and Orasche, J{\"u}rgen and El Haddad, Imad and Mensah, Amewu A and Stengel, Benjamin and others},
  journal={Journal of Geophysical Research: Atmospheres},
  volume={123},
  number={11},
  pages={6175--6195},
  year={2018},
  publisher={Wiley Online Library}
}

@article{zdanovskii1948new,
  title={New methods for calculating solubilities of electrolytes in multicomponent systems},
  author={Zdanovskii, AB},
  journal={Zh. Fiz. Khim},
  volume={22},
  pages={1475--1485},
  year={1948}
}

@article{stokes1966interactions,
  title={Interactions in aqueous nonelectrolyte solutions. I. Solute-solvent equilibria},
  author={Stokes, RH and Robinson, RA},
  journal={The Journal of Physical Chemistry},
  volume={70},
  number={7},
  pages={2126--2131},
  year={1966},
  publisher={ACS Publications}
}

@article{Titos2014,
author = {Titos, G. and Jefferson, A. and Sheridan, P. J. and Andrews, E. and Lyamani, H. and Alados-Arboledas, L. and Ogren, J. A.},
doi = {10.5194/acp-14-7031-2014},
issn = {16807324},
journal = {Atmospheric Chemistry and Physics},
number = {13},
pages = {7031--7043},
title = {{Aerosol light-scattering enhancement due to water uptake during the TCAP campaign}},
volume = {14},
year = {2014}
}
@article{Zieger2015,
author = {Zieger, P. and Aalto, P. P. and Aaltonen, V. and {\"{A}}ij{\"{a}}l{\"{a}}, M. and Backman, J. and Hong, J. and Komppula, M. and Krejci, R. and Laborde, M. and Lampilahti, J. and {De Leeuw}, G. and Pf{\"{u}}ller, A. and Rosati, B. and Tesche, M. and Tunved, P. and V{\"{a}}{\"{a}}n{\"{a}}nen, R. and Pet{\"{a}}j{\"{a}}, T.},
doi = {10.5194/acp-15-7247-2015},
issn = {16807324},
journal = {Atmospheric Chemistry and Physics},
number = {13},
pages = {7247--7267},
title = {{Low hygroscopic scattering enhancement of boreal aerosol and the implications for a columnar optical closure study}},
volume = {15},
year = {2015}
}
@article{MichelFlores2012,
author = {{Michel Flores}, J. and Bar-Or, R. Z. and Bluvshtein, N. and Abo-Riziq, A. and Kostinski, A. and Borrmann, S. and Koren, I. and Koren, I. and Rudich, Y.},
doi = {10.5194/acp-12-5511-2012},
issn = {16807316},
journal = {Atmospheric Chemistry and Physics},
number = {12},
pages = {5511--5521},
title = {{Absorbing aerosols at high relative humidity: Linking hygroscopic growth to optical properties}},
volume = {12},
year = {2012}
}
@article{Titos2016,
author = {Titos, G. and Cazorla, A. and Zieger, P. and Andrews, E. and Lyamani, H. and Granados-Mu{\~{n}}oz, M. J. and Olmo, F. J. and Alados-Arboledas, L.},
doi = {10.1016/j.atmosenv.2016.07.021},
issn = {18732844},
journal = {Atmospheric Environment},
pages = {494--507},
publisher = {Elsevier Ltd},
title = {{Effect of hygroscopic growth on the aerosol light-scattering coefficient: A review of measurements, techniques and error sources}},
volume = {141},
year = {2016}
}
@article{Zieger2013,
author = {Zieger, P. and Fierz-Schmidhauser, R. and Weingartner, E. and Baltensperger, U.},
doi = {10.5194/acp-13-10609-2013}, 
issn = {16807316},
journal = {Atmospheric Chemistry and Physics},
number = {21},
pages = {10609--10631},
title = {{Effects of relative humidity on aerosol light scattering: Results from different European sites}},
volume = {13},
year = {2013}
}
@article{Burgos2020,
author = {Burgos, Mar{\'{i}}a and Andrews, Elisabeth and Titos, Gloria and Benedetti, Angela and Bian, Huisheng and Buchard, Virginie and Curci, Gabriele and Kirkev{\aa}g, Alf and Kokkola, Harri and Laakso, Anton and Lund, Marianne and Matsui, Hitoshi and Myhre, Gunnar and Randles, Cynthia and Schulz, Michael and van Noije, Twan and Zhang, Kai and Alados-Arboledas, Lucas and Baltensperger, Urs and Jefferson, Anne and Sherman, James and Sun, Junying and Weingartner, Ernest and Zieger, Paul},
doi = {10.5194/acp-2019-1190},
issn = {1680-7316},
journal = {Atmospheric Chemistry and Physics Discussions},
pages = {1--30},
title = {{A global model-measurement evaluation of particle light scattering coefficients at elevated relative humidity}},
year = {2020}
}

@article{bzdek2012single,
  title={Single particle chemical analysis of ambient ultrafine aerosol: A review},
  author={Bzdek, Bryan R and Pennington, M Ross and Johnston, Murray V},
  journal={Journal of Aerosol Science},
  volume={52},
  pages={109--120},
  year={2012},
  publisher={Elsevier}
}

@article{LASKIN2006260,
title = {Analysis of individual environmental particles using modern methods of electron microscopy and X-ray microanalysis},
journal = {Journal of Electron Spectroscopy and Related Phenomena},
volume = {150},
number = {2},
pages = {260-274},
year = {2006},
note = {Science and Spectroscopy of Environmentally Important Interfaces},
issn = {0368-2048},
doi = {https://doi.org/10.1016/j.elspec.2005.06.008},
author = {A. Laskin and J.P. Cowin and M.J. Iedema},
keywords = {Atmospheric particles, Electron microscopy, X-ray microanalysis, Aerosols},
}

@article{zhang2007ubiquity,
  title={Ubiquity and dominance of oxygenated species in organic aerosols in anthropogenically-influenced Northern Hemisphere midlatitudes},
  author={Zhang, Qi and Jimenez, Jose L and Canagaratna, MR and Allan, J David and Coe, H and Ulbrich, I and Alfarra, MR and Takami, A and Middlebrook, AM and Sun, YL and others},
  journal={Geophysical research letters},
  volume={34},
  number={13},
  year={2007},
  publisher={Wiley Online Library}
}

@article{levy2007global,
  title={Global aerosol optical properties and application to Moderate Resolution Imaging Spectroradiometer aerosol retrieval over land},
  author={Levy, Robert C and Remer, Lorraine A and Dubovik, Oleg},
  journal={Journal of Geophysical Research: Atmospheres},
  volume={112},
  number={D13},
  year={2007},
  publisher={Wiley Online Library}
}

@article{mccomiskey2008direct,
  title={Direct aerosol forcing: Calculation from observables and sensitivities to inputs},
  author={McComiskey, Allison and Schwartz, Stephen E and Schmid, Beat and Guan, Hong and Lewis, Ernie R and Ricchiazzi, Paul and Ogren, John A},
  journal={Journal of Geophysical Research: Atmospheres},
  volume={113},
  number={D9},
  year={2008},
  publisher={Wiley Online Library}
}

@article{loeb2010direct,
  title={Direct aerosol radiative forcing uncertainty based on a radiative perturbation analysis},
  author={Loeb, Norman G and Su, Wenying},
  journal={Journal of Climate},
  volume={23},
  number={19},
  pages={5288--5293},
  year={2010}
}

@article{scarnato2013effects,
  title={Effects of internal mixing and aggregate morphology on optical properties of black carbon using a discrete dipole approximation model},
  author={Scarnato, BV and Vahidinia, S and Richard, DT and Kirchstetter, TW},
  journal={Atmospheric Chemistry and Physics},
  volume={13},
  number={10},
  pages={5089--5101},
  year={2013},
  publisher={Copernicus GmbH}
}

@article{curtis2008laboratory,
  title={A laboratory investigation of light scattering from representative components of mineral dust aerosol at a wavelength of 550 nm},
  author={Curtis, Daniel B and Meland, Brian and Aycibin, Murat and Arnold, Nathan P and Grassian, Vicki H and Young, Mark A and Kleiber, Paul D},
  journal={Journal of Geophysical Research: Atmospheres},
  volume={113},
  number={D8},
  year={2008},
  publisher={Wiley Online Library}
}

@article{luo2019optical,
  title={Optical modeling of black carbon with different coating materials: The effect of coating configurations},
  author={Luo, Jie and Zhang, Qixing and Luo, Jianfei and Liu, Jia and Huo, Yinuo and Zhang, Yongming},
  journal={Journal of Geophysical Research: Atmospheres},
  volume={124},
  number={23},
  pages={13230--13253},
  year={2019},
  publisher={Wiley Online Library}
}

@article{liu2020lifecycle,
  title={Lifecycle of light-absorbing carbonaceous aerosols in the atmosphere},
  author={Liu, Dantong and He, Cenlin and Schwarz, Joshua P and Wang, Xuan},
  journal={npj Climate and Atmospheric Science},
  volume={3},
  number={1},
  pages={1--18},
  year={2020},
  publisher={Nature Publishing Group}
}

@article{yu2006review,
  title={A review of measurement-based assessments of the aerosol direct radiative effect and forcing},
  author={Yu, H and Kaufman, YJ and Chin, M and Feingold, G and Remer, LA and Anderson, TL and Balkanski, Yves and Bellouin, Nicolas and Boucher, O and Christopher, S and others},
  journal={Atmospheric Chemistry and Physics},
  volume={6},
  number={3},
  pages={613--666},
  year={2006},
  publisher={Copernicus GmbH}
}

@article{winker2010calipso,
  title={The CALIPSO mission: A global 3D view of aerosols and clouds},
  author={Winker, DM and Pelon, Jacques and Coakley Jr, JA and Ackerman, SA and Charlson, RJ and Colarco, PR and Flamant, Pierre and Fu, Qinjun and Hoff, RM and Kittaka, C and others},
  journal={Bulletin of the American Meteorological Society},
  volume={91},
  number={9},
  pages={1211--1230},
  year={2010},
  publisher={American Meteorological Society}
}

@article{oikawa2013study,
  title={A study of the shortwave direct aerosol forcing using ESSP/CALIPSO observation and GCM simulation},
  author={Oikawa, Eiji and Nakajima, Teruyuki and Inoue, Toshiro and Winker, David},
  journal={Journal of Geophysical Research: Atmospheres},
  volume={118},
  number={9},
  pages={3687--3708},
  year={2013},
  publisher={Wiley Online Library}
}

@article{subba2020recent,
  title={Recent trend in the global distribution of aerosol direct radiative forcing from satellite measurements},
  author={Subba, Tamanna and Gogoi, Mukunda M and Pathak, Binita and Bhuyan, Pradip K and Babu, S Suresh},
  journal={Atmospheric Science Letters},
  volume={21},
  number={11},
  pages={e975},
  year={2020},
  publisher={Wiley Online Library}
}

@article{stier2007aerosol,
  title={Aerosol absorption and radiative forcing},
  author={Stier, Philip and Seinfeld, John H and Kinne, Stefan and Boucher, Olivier},
  journal={Atmospheric Chemistry and Physics},
  volume={7},
  number={19},
  pages={5237--5261},
  year={2007},
  publisher={Copernicus GmbH}
}

@article{zaveri2005computationally,
  title={A computationally efficient multicomponent equilibrium solver for aerosols (MESA)},
  author={Zaveri, Rahul A and Easter, Richard C and Peters, Leonard K},
  journal={Journal of Geophysical Research: Atmospheres},
  volume={110},
  number={D24},
  year={2005},
  publisher={Wiley Online Library}
}

@article{jimenez2009evolution,
  title={Evolution of organic aerosols in the atmosphere},
  author={Jimenez, Jose L and Canagaratna, MR and Donahue, NM and Prevot, ASH and Zhang, Qi and Kroll, Jesse H and DeCarlo, Peter F and Allan, James D and Coe, H and Ng, NL and others},
  journal={Science},
  volume={326},
  number={5959},
  pages={1525--1529},
  year={2009},
  publisher={American Association for the Advancement of Science}
}

%%%%%%%%%Added for thesis introduction%%%%%%%%%
@article{yao2021, 
title = {Evaluating the impacts of cloud processing on resuspended aerosol particles after cloud evaporation using a particle-resolved model}, 
author = {YAO, Yu and Dawson, Matthew L. and Dabdub, Donald and Riemer, Nicole}, 
journal = {Earth and Space Science Open Archive}, 
pages = {26}, 
year = {2021}, 
DOI = {10.1002/essoar.10506884.1}
}

@article{zhang2020identifying,
  title={Identifying airborne transmission as the dominant route for the spread of COVID-19},
  author={Zhang, Renyi and Li, Yixin and Zhang, Annie L and Wang, Yuan and Molina, Mario J},
  journal={Proceedings of the National Academy of Sciences},
  volume={117},
  number={26},
  pages={14857--14863},
  year={2020},
  publisher={National Acad Sciences}
}

@article{prather2020reducing,
  title={Reducing transmission of SARS-CoV-2},
  author={Prather, Kimberly A and Wang, Chia C and Schooley, Robert T},
  journal={Science},
  volume={368},
  number={6498},
  pages={1422--1424},
  year={2020},
  publisher={American Association for the Advancement of Science}
}

@article{miller2021transmission,
  title={Transmission of SARS-CoV-2 by inhalation of respiratory aerosol in the Skagit Valley Chorale superspreading event},
  author={Miller, Shelly L and Nazaroff, William W and Jimenez, Jose L and Boerstra, Atze and Buonanno, Giorgio and Dancer, Stephanie J and Kurnitski, Jarek and Marr, Linsey C and Morawska, Lidia and Noakes, Catherine},
  journal={Indoor air},
  volume={31},
  number={2},
  pages={314--323},
  year={2021},
  publisher={Wiley Online Library}
}

@article{greenhalgh2021ten,
  title={Ten scientific reasons in support of airborne transmission of SARS-CoV-2},
  author={Greenhalgh, Trisha and Jimenez, Jose L and Prather, Kimberly A and Tufekci, Zeynep and Fisman, David and Schooley, Robert},
  journal={The Lancet},
  volume={397},
  number={10285},
  pages={1603--1605},
  year={2021},
  publisher={Elsevier}
}

@article{bell2007spatial,
  title={Spatial and temporal variation in PM2. 5 chemical composition in the United States for health effects studies},
  author={Bell, Michelle L and Dominici, Francesca and Ebisu, Keita and Zeger, Scott L and Samet, Jonathan M},
  journal={Environmental health perspectives},
  volume={115},
  number={7},
  pages={989--995},
  year={2007},
  publisher={National Institute of Environmental Health Sciences}
}

@article{fann2012estimating,
  title={Estimating the national public health burden associated with exposure to ambient PM2. 5 and ozone},
  author={Fann, Neal and Lamson, Amy D and Anenberg, Susan C and Wesson, Karen and Risley, David and Hubbell, Bryan J},
  journal={Risk Analysis: An International Journal},
  volume={32},
  number={1},
  pages={81--95},
  year={2012},
  publisher={Wiley Online Library}
}

@article{anenberg2010estimate,
  title={An estimate of the global burden of anthropogenic ozone and fine particulate matter on premature human mortality using atmospheric modeling},
  author={Anenberg, Susan C and Horowitz, Larry W and Tong, Daniel Q and West, J Jason},
  journal={Environmental health perspectives},
  volume={118},
  number={9},
  pages={1189--1195},
  year={2010},
  publisher={National Institute of Environmental Health Sciences}
}

@inbook{IPCC_CHAPTER7,
   author = {Boucher, O. and Randall, D. and Artaxo, P. and Bretherton, C. and Feingold, G. and Forster, P. and Kerminen, V.-M. and Kondo, Y. and Liao, H. and Lohmann, U. and Rasch, P. and Satheesh, S.K. and Sherwood, S. and Stevens, B. and Zhang, X.Y.},
   title = {Clouds and Aerosols},
   booktitle = {Climate Change 2013: The Physical Science Basis. Contribution of Working Group I to the Fifth Assessment Report of the Intergovernmental Panel on Climate Change},
   publisher = {Cambridge University Press},
   address = {Cambridge, United Kingdom and New York, NY, USA},
   chapter = {7},
   pages = {571–658},
   ISBN = {ISBN 978-1-107-66182-0},
   DOI = {10.1017/CBO9781107415324.016},
   url = {www.climatechange2013.org},
   year = {2013},
   type = {Book Section}
}

@inbook{IPCC_CHAPTER8,
   author = {Myhre, G. and Shindell, D. and Collins, W. and Fuglestvedt, J. and Huang, J. and Koch, D. and Lamarque, J.-F. and Lee, D. and Mendoza, B. and Nakajima, T. and Robock, A. and Stephens, G. and Takemura, T. and Zhang, H.},
   title = {Anthropogenic and Natural Radiative Forcing},
   booktitle = {Climate Change 2013: The Physical Science Basis. Contribution of Working Group I to the Fifth Assessment Report of the Intergovernmental Panel on Climate Change},
   publisher = {Cambridge University Press},
   address = {Cambridge, United Kingdom and New York, NY, USA},
   chapter = {8},
   pages = {659–740},
   ISBN = {ISBN 978-1-107-66182-0},
   DOI = {10.1017/CBO9781107415324.018},
   url = {www.climatechange2013.org},
   year = {2013},
   type = {Book Section}
}

@article{seinfeld2016improving,
  title={Improving our fundamental understanding of the role of aerosol- cloud interactions in the climate system},
  author={Seinfeld, John H and Bretherton, Christopher and Carslaw, Kenneth S and Coe, Hugh and DeMott, Paul J and Dunlea, Edward J and Feingold, Graham and Ghan, Steven and Guenther, Alex B and Kahn, Ralph and others},
  journal={Proceedings of the National Academy of Sciences},
  volume={113},
  number={21},
  pages={5781--5790},
  year={2016},
  publisher={National Acad Sciences}
}

@article{fan2016review,
  title={Review of aerosol--cloud interactions: Mechanisms, significance, and challenges},
  author={Fan, Jiwen and Wang, Yuan and Rosenfeld, Daniel and Liu, Xiaohong},
  journal={Journal of the Atmospheric Sciences},
  volume={73},
  number={11},
  pages={4221--4252},
  year={2016}
}

@article{bellouin2020bounding,
  title={Bounding global aerosol radiative forcing of climate change},
  author={Bellouin, Nicolas and Quaas, Johannes and Gryspeerdt, Edward and Kinne, Stefan and Stier, Philip and Watson-Parris, Duncan and Boucher, Olivi{\'e}r and Carslaw, Kenneth S and Christensen, M and Daniau, A-L and others},
  journal={Reviews of Geophysics},
  volume={58},
  number={1},
  pages={e2019RG000660},
  year={2020},
  publisher={Wiley Online Library}
}

@article{van2018mysterious,
  title={The mysterious long-range transport of giant mineral dust particles},
  author={Van Der Does, Mich{\`e}lle and Knippertz, Peter and Zschenderlein, Philipp and Harrison, R Giles and Stuut, Jan-Berend W},
  journal={Science advances},
  volume={4},
  number={12},
  pages={eaau2768},
  year={2018},
  publisher={American Association for the Advancement of Science}
}

@article{yu2021observation,
  title={Observation and modeling of a historic African dust intrusion into the Caribbean Basin and the southern US in June 2020},
  author={Yu, Hongbin and Tan, Qian and Zhou, Lillian and Zhou, Yaping and Bian, Huisheng and Chin, Mian and Ryder, Claire L and Levy, Robert C and Pradhan, Yaswant and Shi, Yingxi and others},
  journal={Atmospheric Chemistry and Physics Discussions},
  pages={1--40},
  year={2021},
  publisher={Copernicus GmbH}
}

@incollection{monahan1986model,
  title={A model of marine aerosol generation via whitecaps and wave disruption},
  author={Monahan, Edward C and Spiel, Donald E and Davidson, Kenneth L},
  booktitle={Oceanic whitecaps},
  pages={167--174},
  year={1986},
  publisher={Springer}
}

@article{jaegle2011global,
  title={Global distribution of sea salt aerosols: new constraints from in situ and remote sensing observations},
  author={Jaegl{\'e}, L and Quinn, PK and Bates, TS and Alexander, B and Lin, J-T},
  journal={Atmospheric Chemistry and Physics},
  volume={11},
  number={7},
  pages={3137--3157},
  year={2011},
  publisher={Copernicus GmbH}
}

@article{sipila2010role,
  title={The role of sulfuric acid in atmospheric nucleation},
  author={Sipil{\"a}, Mikko and Berndt, Torsten and Pet{\"a}j{\"a}, Tuukka and Brus, David and Vanhanen, Joonas and Stratmann, Frank and Patokoski, Johanna and Mauldin, Roy L and Hyv{\"a}rinen, Antti-Pekka and Lihavainen, Heikki and others},
  journal={Science},
  volume={327},
  number={5970},
  pages={1243--1246},
  year={2010},
  publisher={American Association for the Advancement of Science}
}

@article{shao2019heterogeneous,
  title={Heterogeneous sulfate aerosol formation mechanisms during wintertime Chinese haze events: air quality model assessment using observations of sulfate oxygen isotopes in Beijing},
  author={Shao, Jingyuan and Chen, Qianjie and Wang, Yuxuan and Lu, Xiao and He, Pengzhen and Sun, Yele and Shah, Viral and Martin, Randall V and Philip, Sajeev and Song, Shaojie and others},
  journal={Atmospheric Chemistry and Physics},
  volume={19},
  number={9},
  pages={6107--6123},
  year={2019},
  publisher={Copernicus GmbH}
}

@article{zheng2020multiphase,
  title={Multiphase buffer theory explains contrasts in atmospheric aerosol acidity},
  author={Zheng, Guangjie and Su, Hang and Wang, Siwen and Andreae, Meinrat O and P{\"o}schl, Ulrich and Cheng, Yafang},
  journal={Science},
  volume={369},
  number={6509},
  pages={1374--1377},
  year={2020},
  publisher={American Association for the Advancement of Science}
}

@article{bond2007historical,
  title={Historical emissions of black and organic carbon aerosol from energy-related combustion, 1850--2000},
  author={Bond, Tami C and Bhardwaj, Ekta and Dong, Rong and Jogani, Rahil and Jung, Soonkyu and Roden, Christoph and Streets, David G and Trautmann, Nina M},
  journal={Global biogeochemical cycles},
  volume={21},
  number={2},
  year={2007},
  publisher={Wiley Online Library}
}

@article{lim2010aqueous,
  title={Aqueous chemistry and its role in secondary organic aerosol (SOA) formation},
  author={Lim, YB and Tan, Y and Perri, MJ and Seitzinger, SP and Turpin, BJ},
  journal={Atmospheric Chemistry and Physics},
  volume={10},
  number={21},
  pages={10521--10539},
  year={2010},
  publisher={Copernicus GmbH}
}

@article{zhu2017mechanism,
  title={Mechanism of SOA formation determines magnitude of radiative effects},
  author={Zhu, Jialei and Penner, Joyce E and Lin, Guangxing and Zhou, Cheng and Xu, Li and Zhuang, Bingliang},
  journal={Proceedings of the National Academy of Sciences},
  volume={114},
  number={48},
  pages={12685--12690},
  year={2017},
  publisher={National Acad Sciences}
}

@article{griffin2013sources,
  title={The sources and impacts of tropospheric particulate matter},
  author={Griffin, Robert J},
  journal={Nature Education Knowledge},
  volume={4},
  number={5},
  pages={1},
  year={2013},
  publisher={Nature Education}
}

@misc{mcneill2015aqueous,
  title={Aqueous organic chemistry in the atmosphere: Sources and chemical processing of organic aerosols},
  author={McNeill, V Faye},
  year={2015},
  publisher={ACS Publications}
}

@incollection{MCMURRY200320,
title = {AEROSOLS | Observations and Measurements},
editor = {James R. Holton},
booktitle = {Encyclopedia of Atmospheric Sciences},
publisher = {Academic Press},
address = {Oxford},
pages = {20-34},
year = {2003},
isbn = {978-0-12-227090-1},
author = {P.H. McMurry}
}

@article{fushimi2008atmospheric,
  title={Atmospheric fate of nuclei-mode particles estimated from the number concentrations and chemical composition of particles measured at roadside and background sites},
  author={Fushimi, Akihiro and Hasegawa, Shuichi and Takahashi, Katsuyuki and Fujitani, Yuji and Tanabe, Kiyoshi and Kobayashi, Shinji},
  journal={Atmospheric Environment},
  volume={42},
  number={5},
  pages={949--959},
  year={2008},
  publisher={Elsevier}
}

@article{zhang2005time,
  title={Time-and size-resolved chemical composition of submicron particles in Pittsburgh: Implications for aerosol sources and processes},
  author={Zhang, Qi and Canagaratna, Manjula R and Jayne, John T and Worsnop, Douglas R and Jimenez, Jose-Luis},
  journal={Journal of Geophysical Research: Atmospheres},
  volume={110},
  number={D7},
  year={2005},
  publisher={Wiley Online Library}
}

@article{friedlander1991scavenging,
  title={Scavenging of a coagulating fine aerosol by a coarse particle mode},
  author={Friedlander, SK and Koch, W and Main, HH},
  journal={Journal of Aerosol Science},
  volume={22},
  number={1},
  pages={1--8},
  year={1991},
  publisher={Elsevier}
}

@article{lee2005size,
  title={Size distribution evolution of fine aerosols due to intercoagulation with coarse aerosols},
  author={Lee, Sang-Rin and Wu, Chang-Yu},
  journal={Aerosol science and technology},
  volume={39},
  number={4},
  pages={358--370},
  year={2005},
  publisher={Taylor \& Francis}
}

@article{kaufman2005effect,
  title={The effect of smoke, dust, and pollution aerosol on shallow cloud development over the Atlantic Ocean},
  author={Kaufman, Yoram J and Koren, Ilan and Remer, Lorraine A and Rosenfeld, Daniel and Rudich, Yinon},
  journal={Proceedings of the National Academy of Sciences},
  volume={102},
  number={32},
  pages={11207--11212},
  year={2005},
  publisher={National Acad Sciences}
}

@article{twomey1977influence,
  title={The influence of pollution on the shortwave albedo of clouds},
  author={Twomey, Sean},
  journal={Journal of the atmospheric sciences},
  volume={34},
  number={7},
  pages={1149--1152},
  year={1977}
}

@article{jia2019distinct,
  title={Distinct impacts of increased aerosols on cloud droplet number concentration of stratus/stratocumulus and cumulus},
  author={Jia, Hailing and Ma, Xiaoyan and Yu, Fangqun and Liu, Yangang and Yin, Yan},
  journal={Geophysical Research Letters},
  volume={46},
  number={22},
  pages={13517--13525},
  year={2019},
  publisher={Wiley Online Library}
}

@article{kleinman2012aerosol,
  title={Aerosol concentration and size distribution measured below, in, and above cloud from the DOE G-1 during VOCALS-REx},
  author={Kleinman, Lawrence I and Daum, Peter H and Lee, Y-N and Lewis, Ernie R and Sedlacek Iii, AJ and Senum, GI and Springston, SR and Wang, J and Hubbe, J and Jayne, J and others},
  journal={Atmospheric Chemistry and Physics},
  volume={12},
  number={1},
  pages={207--223},
  year={2012},
  publisher={Copernicus GmbH}
}

@article{stevens2009untangling,
  title={Untangling aerosol effects on clouds and precipitation in a buffered system},
  author={Stevens, Bjorn and Feingold, Graham},
  journal={Nature},
  volume={461},
  number={7264},
  pages={607--613},
  year={2009},
  publisher={Nature Publishing Group}
}

@article{winkler1973growth,
  title={The growth of atmospheric aerosol particles as a function of the relative humidity—II. An improved concept of mixed nuclei},
  author={Winkler, Peter},
  journal={Journal of Aerosol Science},
  volume={4},
  number={5},
  pages={373--387},
  year={1973},
  publisher={Elsevier}
}

@article{fu2012morphology,
  title={Morphology, composition and mixing state of individual carbonaceous aerosol in urban Shanghai},
  author={Fu, H and Zhang, M and Li, W and Chen, J and Wang, L and Quan, X and Wang, W},
  journal={Atmospheric Chemistry and Physics},
  volume={12},
  number={2},
  pages={693--707},
  year={2012},
  publisher={Copernicus GmbH}
}

@article{broekhuizen2006closure,
  title={Closure between measured and modeled cloud condensation nuclei (CCN) using size-resolved aerosol compositions in downtown Toronto},
  author={Broekhuizen, K and Chang, RY-W and Leaitch, WR and Li, S-M and Abbatt, JPD},
  journal={Atmospheric Chemistry and Physics},
  volume={6},
  number={9},
  pages={2513--2524},
  year={2006},
  publisher={Copernicus GmbH}
}

@article{moore2012hygroscopicity,
  title={Hygroscopicity and composition of California CCN during summer 2010},
  author={Moore, RH and Cerully, K and Bahreini, R and Brock, CA and Middlebrook, AM and Nenes, Athanasios},
  journal={Journal of Geophysical Research: Atmospheres},
  volume={117},
  number={D21},
  year={2012},
  publisher={Wiley Online Library}
}

@article{ervens2015modeling,
  title={Modeling the processing of aerosol and trace gases in clouds and fogs},
  author={Ervens, Barbara},
  journal={Chemical reviews},
  volume={115},
  number={10},
  pages={4157--4198},
  year={2015},
  publisher={ACS Publications}
}

@article{kreidenweis2003modification,
  title={Modification of aerosol mass and size distribution due to aqueous-phase SO2 oxidation in clouds: Comparisons of several models},
  author={Kreidenweis, Sonia M and Walcek, Chris J and Feingold, Graham and Gong, Wanmin and Jacobson, Mark Z and Kim, Cheol-Hee and Liu, Xiaohong and Penner, Joyce E and Nenes, Athanasios and Seinfeld, John H},
  journal={Journal of Geophysical Research: Atmospheres},
  volume={108},
  number={D7},
  year={2003},
  publisher={Wiley Online Library}
}

@article{rasch2000description,
  title={A description of the global sulfur cycle and its controlling processes in the National Center for Atmospheric Research Community Climate Model, Version 3},
  author={Rasch, Philip J and Barth, Mary C and Kiehl, Jeffrey T and Schwartz, Stephen E and Benkovitz, Carmen M},
  journal={Journal of Geophysical Research: Atmospheres},
  volume={105},
  number={D1},
  pages={1367--1385},
  year={2000},
  publisher={Wiley Online Library}
}

@article{harris2012sulfur,
  title={Sulfur isotope fractionation during oxidation of sulfur dioxide: gas-phase oxidation by OH radicals and aqueous oxidation by H 2 O 2, O 3 and iron catalysis},
  author={Harris, E and Sinha, B and Hoppe, P and Crowley, JN and Ono, S and Foley, S},
  journal={Atmospheric Chemistry and Physics},
  volume={12},
  number={1},
  pages={407--423},
  year={2012},
  publisher={Copernicus GmbH}
}

@article{harris2013enhanced,
  title={Enhanced role of transition metal ion catalysis during in-cloud oxidation of SO2},
  author={Harris, Eliza and Sinha, B{\"a}rbel and Van Pinxteren, Dominik and Tilgner, Andreas and Fomba, Khanneh Wadinga and Schneider, Johannes and Roth, Anja and Gnauk, Thomas and Fahlbusch, Benjamin and Mertes, Stephan and others},
  journal={Science},
  volume={340},
  number={6133},
  pages={727--730},
  year={2013},
  publisher={American Association for the Advancement of Science}
}

@article{collett1994acidity,
  title={Acidity variations across the cloud drop size spectrum and their influence on rates of atmospheric sulfate production},
  author={Collett Jr, Jeffrey L and Bator, Aaron and Rao, Xin and Demoz, Belay B},
  journal={Geophysical Research Letters},
  volume={21},
  number={22},
  pages={2393--2396},
  year={1994},
  publisher={Wiley Online Library}
}

@article{straub2007chemical,
  title={Chemical composition of marine stratocumulus clouds over the eastern Pacific Ocean},
  author={Straub, Derek J and Lee, Taehyoung and Collett Jr, Jeffrey L},
  journal={Journal of Geophysical Research: Atmospheres},
  volume={112},
  number={D4},
  year={2007},
  publisher={Wiley Online Library}
}

@article{shen2012aqueous,
  title={Aqueous phase sulfate production in clouds in eastern China},
  author={Shen, Xinhua and Lee, Taehyoung and Guo, Jia and Wang, Xinfeng and Li, Penghui and Xu, Pengju and Wang, Yan and Ren, Yu and Wang, Wenxing and Wang, Tao and others},
  journal={Atmospheric Environment},
  volume={62},
  pages={502--511},
  year={2012},
  publisher={Elsevier}
}

@article{liu2012global,
  title={Global in-cloud production of secondary organic aerosols: Implementation of a detailed chemical mechanism in the GFDL atmospheric model AM3},
  author={Liu, Junfeng and Horowitz, Larry W and Fan, Songmiao and Carlton, Annmarie G and Levy, Hiram},
  journal={Journal of Geophysical Research: Atmospheres},
  volume={117},
  number={D15},
  year={2012},
  publisher={Wiley Online Library}
}

@article{ervens2011secondary,
  title={Secondary organic aerosol formation in cloud droplets and aqueous particles (aqSOA): a review of laboratory, field and model studies},
  author={Ervens, BTBWR and Turpin, BJ and Weber, RJ},
  journal={Atmospheric Chemistry and Physics},
  volume={11},
  number={21},
  pages={11069--11102},
  year={2011},
  publisher={Copernicus GmbH}
}

@article{smith2014secondary,
  title={Secondary organic aerosol production from aqueous reactions of atmospheric phenols with an organic triplet excited state},
  author={Smith, Jeremy D and Sio, Vicky and Yu, Lu and Zhang, Qi and Anastasio, Cort},
  journal={Environmental science \& technology},
  volume={48},
  number={2},
  pages={1049--1057},
  year={2014},
  publisher={ACS Publications}
}

@article{cheung2010emissions,
  title={Emissions of particulate trace elements, metals and organic species from gasoline, diesel, and biodiesel passenger vehicles and their relation to oxidative potential},
  author={Cheung, KL and Ntziachristos, L and Tzamkiozis, T and Schauer, JJ and Samaras, Z and Moore, KF and Sioutas, C},
  journal={Aerosol Science and Technology},
  volume={44},
  number={7},
  pages={500--513},
  year={2010},
  publisher={Taylor \& Francis}
}

@article{kirpes2018secondary,
  title={Secondary sulfate is internally mixed with sea spray aerosol and organic aerosol in the winter Arctic},
  author={Kirpes, Rachel M and Bondy, Amy L and Bonanno, Daniel and Moffet, Ryan C and Wang, Bingbing and Laskin, Alexander and Ault, Andrew P and Pratt, Kerri A},
  journal={Atmospheric Chemistry and Physics},
  volume={18},
  number={6},
  pages={3937--3949},
  year={2018},
  publisher={Copernicus GmbH}
}

@article{jacobson2004evolution,
  title={Evolution of nanoparticle size and mixing state near the point of emission},
  author={Jacobson, Mark Z and Seinfeld, John H},
  journal={Atmospheric Environment},
  volume={38},
  number={13},
  pages={1839--1850},
  year={2004},
  publisher={Elsevier}
}

@incollection{davies2018heterogeneous,
  title={Heterogeneous Reactions in Aerosol},
  author={Davies, James F and Wilson, Kevin R},
  booktitle={Physical Chemistry of Gas-Liquid Interfaces},
  pages={403--433},
  year={2018},
  publisher={Elsevier}
}

@article{stubenrauch2013assessment,
  title={Assessment of global cloud datasets from satellites: Project and database initiated by the GEWEX radiation panel},
  author={Stubenrauch, Claudia J and Rossow, William B and Kinne, Stefan and Ackerman, S and Cesana, G and Chepfer, H and Di Girolamo, L and Getzewich, B and Guignard, A and Heidinger, A and others},
  journal={Bulletin of the American Meteorological Society},
  volume={94},
  number={7},
  pages={1031--1049},
  year={2013},
  publisher={American Meteorological Society}
}

@article{hoppel1986effect,
  title={Effect of nonprecipitating clouds on the aerosol size distribution in the marine boundary layer},
  author={Hoppel, WA and Frick, GM and Larson, RE},
  journal={Geophysical Research Letters},
  volume={13},
  number={2},
  pages={125--128},
  year={1986},
  publisher={Wiley Online Library}
}

@article{hudson2015cloud,
  title={Cloud supersaturations from CCN spectra Hoppel minima},
  author={Hudson, James G and Noble, Stephen and Tabor, Samantha},
  journal={Journal of Geophysical Research: Atmospheres},
  volume={120},
  number={8},
  pages={3436--3452},
  year={2015},
  publisher={Wiley Online Library}
}

@article{pierce2015importance,
  title={The importance of interstitial particle scavenging by cloud droplets in shaping the remote aerosol size distribution and global aerosol-climate effects},
  author={Pierce, JR and Croft, B and Kodros, JK and D'Andrea, SD and Martin, RV},
  journal={Atmospheric Chemistry and Physics},
  volume={15},
  number={11},
  pages={6147--6158},
  year={2015},
  publisher={Copernicus GmbH}
}

@article{chin2000atmospheric,
  title={Atmospheric sulfur cycle simulated in the global model GOCART: Model description and global properties},
  author={Chin, Mian and Rood, Richard B and Lin, Shian-Jiann and M{\"u}ller, Jean-Francois and Thompson, Anne M},
  journal={Journal of Geophysical Research: Atmospheres},
  volume={105},
  number={D20},
  pages={24671--24687},
  year={2000},
  publisher={Wiley Online Library}
}

@article{vignati2010sources,
  title={Sources of uncertainties in modelling black carbon at the global scale},
  author={Vignati, E and Karl, M and Krol, M and Wilson, J and Stier, P and Cavalli, F},
  journal={Atmospheric chemistry and physics},
  volume={10},
  number={6},
  pages={2595--2611},
  year={2010},
  publisher={Copernicus GmbH}
}

@article{liu2012toward,
  title={Toward a minimal representation of aerosols in climate models: Description and evaluation in the Community Atmosphere Model CAM5},
  author={Liu, Xiaohong and Easter, Richard C and Ghan, Steven J and Zaveri, R and Rasch, P and Shi, Xiangjun and Lamarque, J-F and Gettelman, A and Morrison, H and Vitt, Francis and others},
  journal={Geoscientific Model Development},
  volume={5},
  number={3},
  pages={709--739},
  year={2012},
  publisher={Copernicus GmbH}
}

@article{lauer2005simulating,
  title={Simulating aerosol microphysics with the ECHAM/MADE GCM--Part I: Model description and comparison with observations},
  author={Lauer, Axel and Hendricks, Johannes and Ackermann, I and Schell, B and Hass, Heinz and Metzger, Swen},
  journal={Atmospheric Chemistry and Physics},
  volume={5},
  number={12},
  pages={3251--3276},
  year={2005},
  publisher={Copernicus GmbH}
}

@article{binkowski2003models,
  title={Models-3 Community Multiscale Air Quality (CMAQ) model aerosol component 1. Model description},
  author={Binkowski, Francis S and Roselle, Shawn J},
  journal={Journal of geophysical research: Atmospheres},
  volume={108},
  number={D6},
  year={2003},
  publisher={Wiley Online Library}
}

@article{zaveri2008model,
  title={Model for simulating aerosol interactions and chemistry (MOSAIC)},
  author={Zaveri, Rahul A and Easter, Richard C and Fast, Jerome D and Peters, Leonard K},
  journal={Journal of Geophysical Research: Atmospheres},
  volume={113},
  number={D13},
  year={2008},
  publisher={Wiley Online Library}
}

@article{fast2006evolution,
  title={Evolution of ozone, particulates, and aerosol direct radiative forcing in the vicinity of Houston using a fully coupled meteorology-chemistry-aerosol model},
  author={Fast, Jerome D and Gustafson Jr, William I and Easter, Richard C and Zaveri, Rahul A and Barnard, James C and Chapman, Elaine G and Grell, Georg A and Peckham, Steven E},
  journal={Journal of Geophysical Research: Atmospheres},
  volume={111},
  number={D21},
  year={2006},
  publisher={Wiley Online Library}
}

@article{adams2002predicting,
  title={Predicting global aerosol size distributions in general circulation models},
  author={Adams, Peter J and Seinfeld, John H},
  journal={Journal of Geophysical Research: Atmospheres},
  volume={107},
  number={D19},
  pages={AAC--4},
  year={2002},
  publisher={Wiley Online Library}
}

@article{pierce2013weak,
  title={Weak global sensitivity of cloud condensation nuclei and the aerosol indirect effect to Criegee+ SO 2 chemistry},
  author={Pierce, JR and Evans, MJ and Scott, CE and D'Andrea, SD and Farmer, DK and Swietlicki, Erik and Spracklen, DV},
  journal={Atmospheric Chemistry and Physics},
  volume={13},
  number={6},
  pages={3163--3176},
  year={2013},
  publisher={Copernicus GmbH}
}

@article{oshima2009aging,
  title={Aging of black carbon in outflow from anthropogenic sources using a mixing state resolved model: Model development and evaluation},
  author={Oshima, N and Koike, M and Zhang, Y and Kondo, Y and Moteki, N and Takegawa, N and Miyazaki, Y},
  journal={Journal of Geophysical Research: Atmospheres},
  volume={114},
  number={D6},
  year={2009},
  publisher={Wiley Online Library}
}

@article{ching2016three,
  title={A three-dimensional sectional representation of aerosol mixing state for simulating optical properties and cloud condensation nuclei},
  author={Ching, Joseph and Zaveri, Rahul A and Easter, Richard C and Riemer, Nicole and Fast, Jerome D},
  journal={Journal of Geophysical Research: Atmospheres},
  volume={121},
  number={10},
  pages={5912--5929},
  year={2016},
  publisher={Wiley Online Library}
}

@article{curtis2017single,
  title={A single-column particle-resolved model for simulating the vertical distribution of aerosol mixing state: WRF-PartMC-MOSAIC-SCM v1. 0},
  author={Curtis, Jeffrey H and Riemer, Nicole and West, Matthew},
  journal={Geoscientific Model Development},
  volume={10},
  number={11},
  pages={4057--4079},
  year={2017},
  publisher={Copernicus GmbH}
}

@article{rothenberg2016metamodeling,
  title={Metamodeling of droplet activation for global climate models},
  author={Rothenberg, Daniel and Wang, Chien},
  journal={Journal of the Atmospheric Sciences},
  volume={73},
  number={3},
  pages={1255--1272},
  year={2016}
}

@article{wolke2005spaccim,
  title={SPACCIM: A parcel model with detailed microphysics and complex multiphase chemistry},
  author={Wolke, R and Sehili, AM and Simmel, M and Knoth, O and Tilgner, A and Herrmann, H},
  journal={Atmospheric Environment},
  volume={39},
  number={23-24},
  pages={4375--4388},
  year={2005},
  publisher={Elsevier}
}

@article{barth2006importance,
  title={The importance of cloud drop representation on cloud photochemistry},
  author={Barth, Mary C},
  journal={Atmospheric Research},
  volume={82},
  number={1-2},
  pages={294--309},
  year={2006},
  publisher={Elsevier}
}

@article{park2004natural,
  title={Natural and transboundary pollution influences on sulfate-nitrate-ammonium aerosols in the United States: Implications for policy},
  author={Park, Rokjin J and Jacob, Daniel J and Field, Brendan D and Yantosca, Robert M and Chin, Mian},
  journal={Journal of Geophysical Research: Atmospheres},
  volume={109},
  number={D15},
  year={2004},
  publisher={Wiley Online Library}
}

@article{fahey2017framework,
  title={A framework for expanding aqueous chemistry in the Community Multiscale Air Quality (CMAQ) model version 5.1},
  author={Fahey, Kathleen M and Carlton, Annmarie G and Pye, Havala OT and Baek, Jaemeen and Hutzell, William T and Stanier, Charles O and Baker, Kirk R and Appel, K Wyat and Jaoui, Mohammed and Offenberg, John H},
  journal={Geoscientific model development},
  volume={10},
  number={4},
  pages={1587--1605},
  year={2017},
  publisher={Copernicus GmbH}
}

@article{majeed2001microphysics,
  title={Microphysics of aqueous droplets in clouds and fogs as applied to PM-fine modeling},
  author={Majeed, Mohammed A and Wexler, Anthony S},
  journal={Atmospheric Environment},
  volume={35},
  number={9},
  pages={1639--1653},
  year={2001},
  publisher={Elsevier}
}

@article{wang2014spatial,
  title={Spatial and temporal variations of six criteria air pollutants in 31 provincial capital cities in China during 2013--2014},
  author={Wang, Yungang and Ying, Qi and Hu, Jianlin and Zhang, Hongliang},
  journal={Environment international},
  volume={73},
  pages={413--422},
  year={2014},
  publisher={Elsevier}
}

@article{nowak2010airborne,
  title={Airborne observations of ammonia and ammonium nitrate formation over Houston, Texas},
  author={Nowak, JB and Neuman, JA and Bahreini, R and Brock, CA and Middlebrook, AM and Wollny, AG and Holloway, JS and Peischl, J and Ryerson, TB and Fehsenfeld, FC},
  journal={Journal of Geophysical Research: Atmospheres},
  volume={115},
  number={D22},
  year={2010},
  publisher={Wiley Online Library}
}

@article{phan2013analysis,
  title={Analysis of ammonia variation in the urban atmosphere},
  author={Phan, Nhu-Thuc and Kim, Ki-Hyun and Shon, Zang-Ho and Jeon, Eui-Chan and Jung, Kweon and Kim, Nam-Jin},
  journal={Atmospheric Environment},
  volume={65},
  pages={177--185},
  year={2013},
  publisher={Elsevier}
}

@article{hua2008atmospheric,
  title={Atmospheric hydrogen peroxide and organic hydroperoxides during PRIDE-PRD'06, China: their concentration, formation mechanism and contribution to secondary aerosols},
  author={Hua, W and Chen, ZM and Jie, CY and Kondo, Y and Hofzumahaus, A and Takegawa, N and Chang, CC and Lu, KD and Miyazaki, Y and Kita, K and others},
  journal={Atmospheric chemistry and physics},
  volume={8},
  number={22},
  pages={6755--6773},
  year={2008},
  publisher={Copernicus GmbH}
}

@article{peng2005importance,
  title={Importance of vertical velocity variations in the cloud droplet nucleation process of marine stratus clouds},
  author={Peng, Yiran and Lohmann, Ulrike and Leaitch, Richard},
  journal={Journal of Geophysical Research: Atmospheres},
  volume={110},
  number={D21},
  year={2005},
  publisher={Wiley Online Library}
}

@article{deguillaume2004role,
  title={The role of transition metal ions on HO x radicals in clouds: a numerical evaluation of its impact on multiphase chemistry},
  author={Deguillaume, Laurent and Leriche, M and Monod, Anne and Chaumerliac, N},
  journal={Atmospheric Chemistry and Physics},
  volume={4},
  number={1},
  pages={95--110},
  year={2004},
  publisher={Copernicus GmbH}
}

@article{alexander2012isotopic,
  title={Isotopic constraints on the formation pathways of sulfate aerosol in the marine boundary layer of the subtropical northeast Atlantic Ocean},
  author={Alexander, B and Allman, DJ and Amos, HM and Fairlie, TD and Dachs, J and Hegg, Dean A and Sletten, Ronald S},
  journal={Journal of Geophysical Research: Atmospheres},
  volume={117},
  number={D6},
  year={2012},
  publisher={Wiley Online Library}
}
